2173 2960
164 172 194 207 12
392 150 490 203 Metlzudl
504 141 642 213 Proplrrtliae
657 146 714 199 Pars
730 148 752 201 I.
799 180 801 183 -
878 184 880 186 .
925 185 928 191 .

402 273 421 320 1.
437 271 520 320 Peioris
531 269 619 333 generis
634 269 768 334 Prophetiae
783 264 864 317 iterum
879 269 929 321 sunt
941 271 981 323 duss

165 341 227 407 plicis
243 339 343 405 generis:
355 336 408 386 aliae
424 335 584 393 Generusir'rer,
601 333 654 383 aliae
665 335 812 397 Sprriuliorer.
846 335 931 385 Priores
943 350 981 387 aut

166 407 256 466 omnia,
273 419 310 454 aut
325 403 419 468 plurima
434 399 547 447 Ecclesiae
562 398 609 448 fata
625 399 812 463 compledluntur.
851 400 981 465 Prsterlmm

166 473 193 524 in
208 476 251 522 hac
266 471 330 518 illave
345 464 442 517 Periodo
458 463 601 512 describenda
615 464 739 522 versantur.

402 529 432 579 A.
450 528 573 578 Meditatio
583 529 716 594 Prophetica
725 529 802 594 incipit
818 545 830 578 a
842 530 983 580 ueneratur·

172 608 225 664 lrrrr,
240 603 298 650 inter
314 612 370 663 quas
386 595 485 659 primunr
502 594 576 642 locum
593 593 671 642 damus
686 596 801 657 Pericopue
817 595 887 645 Deua.v
903 596 982 647 XXX.
1001 607 1002 610 ’

168 670 245 735 prieris
261 663 315 729 uns.
338 672 359 710 er
383 661 472 709 Cantica
493 657 564 721 Musti
582 659 634 721 Cap.
654 659 762 708 XXXII.
780 674 836 724 quae
852 661 982 725 prophetiae

171 736 246 784 secum
261 725 424 790 comparandae
440 724 498 773 sunt.
532 722 595 772 Prior
605 722 766 771 beneficiorum
776 723 828 786 post
838 725 895 774 Exil.
908 727 984 791 Babyl.

170 796 271 849 contexit
281 792 375 851 seriem,
391 788 503 855 posterior
513 799 588 838 autern
599 786 738 852 Judiciorum
748 788 795 836 Dei
804 788 832 836 ad
839 801 986 853 peccatorum

170 860 251 932 Populi
259 857 343 909 Israelis
358 854 508 920 punitionem.
577 868 578 871 ’
669 856 686 874 ²
835 902 849 920 ,Α

173 926 175 930 ’
406 921 444 969 Ex
456 922 529 983 prium
543 917 645 968 discimus
660 918 773 986 sequentia
789 918 856 967 Fata:

408 1000 463 1034 1rnu.
479 983 585 1034 Exilium.

408 1051 456 1098 adu.
479 1050 560 1113 Populi
575 1048 677 1097 conversr
693 1048 852 1099 liberationem.

408 1116 461 1177 grin.
477 1113 605 1163 Perfedlam
615 1112 797 1164 instaurationem
808 1124 830 1168 et
845 1109 972 1165 felicitatem
979 1118 996 1177 ‚²

173 1202 241 1255 quam
261 1185 285 1234 in
301 1183 418 1233 Cananaea
432 1178 612 1244 consequeretur.
646 1178 692 1227 Sed
717 1207 721 1211 -
922 1223 924 1228 .

317 1244 319 1251 '
408 1244 523 1292 Canticum
537 1241 609 1306 Mofir
626 1257 680 1293 rmo.
697 1242 795 1293 rationes
811 1242 890 1307 Judicii
905 1243 951 1292 Dei
965 1243 989 1293 in

174 1318 284 1386 Judaeos:
302 1314 349 1366 adu.
361 1308 434 1376 ipsum
445 1308 558 1373 Judicium
568 1309 670 1373 exponit.
713 1312 719 1323 '

406 1379 434 1426 ld.
451 1374 485 1421 Ut
501 1373 557 1422 ratio
574 1372 656 1438 Judicii
671 1371 751 1422 Diviui
762 1373 878 1437 patescat3

437 1455 457 1488 a.
472 1437 640 1488 Beneficiorum
651 1438 736 1493 texitur.
745 1439 863 1502 Catalogus
873 1455 896 1486 v.
909 1437 987 1494 6--14‘2

440 1505 463 1553 b.
475 1505 570 1552 Peccata
579 1503 672 1567 populi,
688 1517 744 1566 quae
754 1517 780 1550 ea
790 1501 899 1553 beneficia
914 1499 988 1549 secuta

176 1577 240 1638 sunt,
255 1570 399 1624 recensentur
408 1569 443 1618 V:
459 1583 559 1630 13--·19.
595 1568 660 1615 Tum

411 1649 436 1693 ῃ.
452 1633 580 1697 Sequuntur
596 1630 682 1695 Judicia
696 1630 743 1695 ipsa
757 1631 801 1679 hoe
816 1630 906 1679 ordine:

366 1748 368 1751 ,
444 1713 463 1746 a.
480 1699 586 1745 Summus
602 1711 682 1744 eorum
698 1695 778 1758 gradus
788 1696 818 1744 ob
833 1694 910 1743 oculos
924 1694 989 1759 poni-

173 1781 224 1831 tur,
240 1782 286 1832 quo
295 1764 394 1813 'tandem
410 1762 485 1829 omnia
500 1759 641 1823 reciderem,
657 1771 680 1805 et
695 1761 822 1808 Decretum
837 1758 888 1826 Dei
903 1774 990 1807 enarra·
1042 1816 1044 1819 Α

172 1849 210 1886 tur
225 1841 371 1890 Vn20m23¹
406 1824 468 1872 Dein
596 1884 601 1892 Ι
737 1883 764 1893 ..
794 1884 800 1892 ι
835 1883 849 1893 Γ
893 1875 895 1878 ,

442 1885 465 1933 b.
485 1885 539 1953 Quo
555 1884 633 1932 ordrne
648 1899 675 1931 ea
691 1883 779 1948 Judrcra
794 1884 966 1947 infligerenturr

475 1968 496 1998 a.
512 1949 624 2012 inciperet
637 1948 701 1997 Deus
716 1964 769 1998 cum
783 1946 901 1997 leuioribus
916 1950 993 2011 malis}

176 2021 326 2088 erpopulum
346 2017 446 2066 mitteret
466 2012 490 2086 in
511 2013 614 2074 exilium,
635 2013 740 2063 sednon
760 2013 877 2064 inomues
897 2014 990 2077 angulos

138 2140 142 2144 .
176 2104 263 2148 terrae,
279 2103 302 2136 V·
316 2096 355 2143 24:
368 2096 407 2143 27·
441 2078 503 2126 Delfi
547 2125 548 2130 =
675 2095 677 2098 ’
744 2091 745 2095 ’
794 2095 795 2098 ’
839 2143 845 2150 ,

444 2151 446 2153 ’
476 2141 499 2199 β.
516 2143 574 2190 Cum
584 2143 683 2205 Populus
699 2142 744 2191 sese
760 2141 788 2189 ad
799 2140 910 2200 saniorem
927 2157 990 2192 men-

172 2215 223 2271 rem
232 2218 289 2268 serio
300 2226 330 2263 et
345 2208 476 2262 constanter
486 2222 534 2255 non
545 2206 667 2270 reciperet,
684 2218 706 2254 et
716 2205 785 2269 magis
795 2218 991 2270 corrumperetur,

175 2275 242 2337 iDeus
252 2281 374 2348 plenariam
386 2276 434 2339 ejus
445 2270 623 2322 destrudlionem
639 2271 729 2319 tandem
745 2270 902 2336 exsequeretur
912 2271 990 2323 ultimo

126 2375 127 2378 ¹
176 2341 218 2418 per
234 2348 363 2397 Romanus:
382 2341 420 2390 ubi
435 2337 582 2404 supponitur,
598 2336 708 2401 populum
720 2333 764 2383 esse
780 2351 809 2383 ex
821 2334 888 2383 exilio
898 2335 990 2385 liberan-

178 2416 247 2473 dum,
264 2424 286 2459 et
301 2411 324 2459 in
339 2407 468 2458 felicitatem
484 2400 652 2461 reuocandum3
668 2401 706 2449 sed
716 2415 770 2449 cum
785 2401 808 2450 in
823 2400 990 2465 peffimam're-
1028 2421 1030 2426 ¹

175 2480 277 2534 ciderent
287 2473 468 2538 corruptionem,
485 2467 582 2521 totaliter
593 2464 637 2517 esse
647 2464 799 2518 destruendos.
835 2465 901 2579 Quale}
913 2465 990 2536 ultima

286 2553 287 2556 ¹
903 2543 993 2597 ericopa
