2173 2960
398 148 402 151 ’
446 160 546 218 rei-roas
561 160 604 215 rr
885 174 931 224 115

122 284 214 333 habere:
240 282 356 349 respicitur
377 280 436 329 enim
458 280 576 329 maniseste
597 277 624 327 ad
643 276 837 343 liilloriainparvi
857 298 927 333 cornu

123 349 184 398 Dan.
201 351 259 398 VIII
275 361 299 395 ct
315 347 356 394 XI.

154 413 174 477 s.
190 411 320 461 LXXXIII.
348 411 372 457 C.
385 407 470 455 Mulier
480 406 530 472 post
540 406 618 469 gravia
627 405 728 455 tormina
740 404 812 454 filiuni
826 413 927 472 peperit,

119 477 158 540 qui
179 489 252 539 raptus
273 474 306 521 est
327 472 353 519 ad
375 471 482 518 thronum
503 469 565 517 Dei:
592 469 629 518 liic
650 470 682 518 est
701 486 735 518 eir·
751 485 801 518 mea
822 471 928 535 opinione

120 540 231 598 Christus,
248 538 285 601 qui
300 537 353 584 Reii
369 533 477 583 Gentium
492 532 580 581 futurus
595 545 653 593 erat,
670 546 695 587 ut
709 549 738 582 ert
752 534 930 586 clraradieristIco

120 604 228 652 attributo
245 603 292 663 ejus
307 601 390 650 elucet:
408 598 468 645 liunc
483 612 526 661 qua
541 598 607 645 talem
618 597 717 645 Ecclesia
730 597 845 661 primaeua
860 617 928 666 pepe-

119 670 161 725 rit,
178 682 230 714 curn
252 664 297 712 fide
319 676 341 710 et
355 663 430 711 labore
450 661 490 709 suo
509 661 577 709 solida
590 661 648 726 jecit
668 661 812 712 fundamenta
827 665 930 715 Dontr'nii

124 728 214 778 Cluilio
235 728 300 776 dancli
320 727 344 774 in
363 724 461 789 Imperio
484 726 596 775 Romano.
632 725 700 793 Quod
719 724 771 789 post
791 727 928 790 dellrudiurn

119 792 257 856 Judaisrnnin
277 791 368 839 denium
389 787 484 854 contigit
503 789 542 837 sub
565 790 636 838 finem
656 790 729 838 Seculi
749 792 767 839 I.
785 804 807 839 et
822 792 844 840 in
860 792 927 843 initio

119 859 165 906 Ildt'
180 855 231 919 poll
245 855 425 904 Persecutionem
440 853 588 916 Judaeorum,
605 865 628 901 et
643 855 768 902 Romanam
782 855 821 904 sub
832 857 929 907 Nerone

76 974 77 977 ,
120 918 144 970 et
159 920 299 970 Domitiano.
334 920 420 981 Raptus
435 918 462 966 ad
473 918 593 966 Tlironum
603 917 650 966 Dei
665 916 758 978 Indicat,
775 919 795 967 ei
806 921 929 984 Imperium

120 984 191 1050 parari
208 986 295 1043 aDeo,
313 996 347 1042 et,
364 999 417 1030 cum
426 981 561 1041 adoleverit,
577 980 629 1028 atto
640 981 734 1031 dandum
740 1000 748 1042 3
764 985 825 1048 quod
835 986 928 1036 dentum

120 1048 173 1113 post
182 1048 365 1098 Persecutioitcm
375 1044 554 1093 Diocletianeam
565 1043 649 1093 fartum
660 1045 699 1094 est.

117 1123 123 1126 ·
347 1112 378 1158 D.
395 1110 450 1157 Hoc
460 1108 533 1167 sabIO,
551 1109 635 1157 Mulier
643 1109 702 1172 sugit
712 1108 736 1157 in
746 1109 879 1172 Desertum,
891 1125 926 1172 et,

119 1176 203 1223 duabus
218 1175 256 1223 alis
271 1173 366 1238 Aquilae
380 1172 497 1232 instrnbia,
513 1173 581 1237 longe
597 1174 682 1238 lateque
698 1188 764 1237 quarn
775 1173 878 1223 citissime
888 1177 939 1225 vo'·'

120 1238 176 1289 lauit
191 1254 230 1302 per
241 1239 373 1296 Desertum,
389 1237 428 1285 ubi
438 1249 512 1284 tntum
523 1252 549 1285 ac
564 1236 688 1286 necessariis
702 1238 765 1285 bonis
781 1238 929 1289 abundantem

120 1303 207 1365 accepit
227 1304 315 1359 locum,
341 1301 379 1349 ubi
398 1316 439 1361 per
459 1302 498 1349 tria
517 1313 619 1363 tempora
639 1313 662 1348 et
682 1300 799 1350 dimidium
821 1302 928 1354 aleretur:

117 1367 267 1431 quaesuniina
282 1366 314 1413 eil
325 1381 348 1414 v.
366 1370 382 1413 6
397 1378 420 1412 et
438 1380 480 1425 143
497 1364 535 1413 ubi
552 1366 610 1414 Not.
628 1382 650 1415 v.
664 1381 701 1425 14.
718 1381 764 1412 non
780 1381 878 1427 nouam,
890 1367 930 1417 sed

119 1430 214 1478 eandem
230 1429 347 1492 significari
366 1428 455 1492 fugam:
473 1428 582 1491 repetitur
599 1428 659 1477 eniin
674 1428 761 1478 mentio
776 1430 855 1492 fugae,
876 1431 929 1495 post

119 1495 228 1543 Proelium
249 1494 274 1542 in
294 1494 358 1548 coelo
378 1491 535 1541 memoratum.
570 1495 632 1556 Fuga
648 1493 674 1542 v.
698 1499 720 1543 6.
743 1509 789 1542 non
804 1495 930 1559 proleptice

120 1570 159 1617 ,ut
174 1570 238 1621 putat
254 1558 285 1606 Cl.
303 1556 379 1614 Vitr,
396 1557 434 1604 secl
449 1572 505 1605 uero
521 1559 561 1606 suo
576 1558 627 1606 loco
645 1570 789 1608 memoratur.
825 1560 931 1609 Ceterum

121 1622 220 1685 erpingit
235 1619 387 1685 peregrinatio
407 1636 434 1668 ea
453 1636 493 1685 per
509 1620 621 1670 desertum
636 1622 748 1671 Ecclesiae
770 1624 929 1672 commoratio-

120 1700 175 1732 nem
192 1698 214 1733 et
229 1683 414 1748 propagationem
430 1682 490 1731 inter·
509 1686 614 1734 Gentes:
641 1686 679 1734 ubi
697 1700 740 1748 per
759 1684 927 1749 sesquiseculum

120 1747 169 1794 satis
189 1749 282 1808 pacifice
302 1747 380 1807 degit,
405 1758 524 1807 antequam
543 1763 555 1793 a
576 1749 683 1794 Dracone
699 1764 712 1795 e
727 1750 791 1795 coelo
807 1749 925 1798 deturbato

66 1846 69 1849 .
119 1808 299 1871 vexari‘coepit:
317 1809 361 1855 alae
377 1807 462 1869 aquilae
475 1807 531 1854 duae
541 1807 665 1869 significant
675 1809 800 1857 citissimam
811 1811 926 1862 Ecclesiae

119 1872 301 1936 propagationem
316 1885 356 1934 per
373 1869 496 1917 Orientales
509 1883 532 1918 et
549 1870 710 1932 Occidentales'
719 1873 786 1921 Orbis
801 1888 881 1936 partes.

131 1981 132 1984 ,
153 1936 173 2000 s.
189 1921 321 1983 LXXXIV.
349 1935 376 1982 E.
392 1934 455 1982 Dum
465 1934 551 1983 Mulier
561 1934 585 1982 in
595 1934 681 1984 deserto
692 1937 786 1998 degebat
801 1937 927 2001 satistuto,

120 1999 204 2048 fabium
215 1997 247 2046 est
257 1998 368 2047 Proelium
378 1996 497 2045 Michaelis
508 2014 560 2047 cuni
570 2000 675 2047 Dracone
684 1999 708 2048 iii
718 2000 796 2059 coelo,
812 2017 858 2065 quo
868 2005 928 2053 Dra-

121 2080 149 2112 co
166 2062 238 2112 vitius
253 2074 276 2109 et
290 2078 306 2109 e>
318 2063 381 2110 coelo
397 2061 524 2110 deturbatus
539 2061 583 2112 est:
610 2063 675 2125 Quae
696 2063 806 2129 Peticopa
825 2062 874 2115 tota
896 2068 929 2117 est

116 2126 261 2190 ‘Symbolica3
282 2139 351 2190 qnae,
373 2124 390 2174 si
410 2124 436 2173 ad
452 2126 576 2192 simplicem
590 2128 710 2174 ueritatem
729 2127 860 2193 redigatur,
876 2131 929 2181 nibil

122 2192 179 2240 aliud
195 2190 259 2250 dicit,
280 2205 318 2249 ac,
338 2191 418 2251 priato,
439 2189 540 2252 Angelos
559 2190 670 2239 Ecclesiae
686 2191 773 2240 causam
788 2193 857 2243 tuitos
871 2195 930 2256 esse,

121 2256 160 2304 sed
176 2257 280 2304 Satanam
295 2254 318 2302 se
333 2251 445 2303 Ecclesiae
461 2254 553 2317 ejusque
568 2254 644 2302 causae
659 2255 798 2318 opposuisse:
817 2260 856 2306 ado
866 2260 929 2308 Sata-

122 2335 176 2367 nam
195 2321 230 2382 jus
250 2319 313 2374 sturni
327 2318 358 2366 ‘in
380 2316 477 2379 Imperia
498 2318 582 2367 Mundi
596 2316 682 2376 arsisse,
703 2330 727 2366 et
747 2318 770 2367 se
791 2321 873 2386 Regno
888 2324 928 2373 filii

122 2382 226 2429 Mulieris
241 2381 379 2447 opposuisse:
403 2383 447 2443 grin
462 2382 566 2431 Satanam
581 2379 697 2439 cecidisse,
713 2393 737 2430 et
757 2385 849 2447 publice
865 2387 926 2436 damn

122 2454 199 2491 natum
219 2446 256 2492 vel
271 2449 354 2510 Regno
369 2444 480 2509 priuatum
497 2445 550 2557 elsq3
583 2445 650 2514 Quod
665 2442 765 2509 fadum,
781 2463 834 2500 cum
848 2450 926 2561 Ecclse·

130 2540 141 2546 ι’
565 2522 579 2561 2
906 2528 926 2564 la
