2173 2960
182 148 230 207 idu-
263 145 268 182 3
395 140 500 195 trattati?
506 144 644 208 Propasta
659 143 715 193 Part
734 146 768 194 tr.

173 266 243 324 'darm
264 277 304 329 per
311 262 467 311 ''hlaccahaeos
482 274 538 327 quae
559 261 640 310 effetta
657 262 702 323 est,
718 263 818 328 pergitur
834 269 858 312 tt
881 267 987 318 1'6··-r8;·
1011 312 1013 315 .

195 329 302 377 luandos
645 344 646 347 ¹
846 354 848 358 ·
933 373 935 376 .

182 331 203 399 i<
410 389 425 438 s.
448 390 563 454 Propheta
573 390 595 439 se
610 390 633 439 in
650 391 747 456 glorioso
763 404 785 439 et
801 389 924 441 felicissimo
941 392 985 440 Ec„
1025 417 1027 420 v

180 456 263 507 clesrae'
277 459 340 506 Statu
360 453 504 503 describendo
520 456 667 519 copiosissime
687 470 710 504 et
731 456 855 519 emphatice
882 455 986 516 diffundit

182 539 206 572 v.
220 524 327 584 '1'9---fin
347 519 467 582 CapsLX:
484 519 512 566 de
527 536 572 583 quo
587 520 652 582 supra
668 520 711 584 egi.
747 522 848 568 Tantum
865 520 901 567 hie
912 519 989 568 notari

182 587 263 645 velim,
281 603 303 635 v.
327 599 357 630 20
374 585 428 646 Cap.
445 583 512 638 LIX,
532 582 607 644 quiin
624 599 706 646 genere
721 584 819 647 loquitur·
840 586 869 631 de
889 584 992 632 adventu.

181 651 289 707 Meffiae,
311 647 410 708 adeoque
426 645 499 707 primo
515 645 564 692 loco
580 647 750 709 comprehendit
771 647 871 710 primunr
893 647 993 698 Melitae.

169 714 315 768 ‚a-tiventtrn'r,
337 710 373 756 ah'
383 708 463 771 Apost.
481 711 548 757 Rom.
569 709 609 756 Xl:
634 712 672 757 26.
693 710 756 757 reste
771 712 849 758 reserri
865 712 892 759 ad
907 711 986 760 secun·

169 771 234 825 'dum
260 772 354 824 Messrae
380 771 517 831 aduentum,
538 787 588 819 curn
609 771 678 819 totius
703 774 783 834 Populi
809 773 896 835 Judaici
931 790 985 822 con-

182 840 283 890 versione
297 850 438 894 connexum,
460 851 515 898 quae
531 848 577 883 tum
593 834 724 897 persestunr
741 838 933 899 complementum
949 837 986 884 de-

179 919 243 952 mum
258 900 443 963 'consequeretur3
460 898 646 962 quemadmodum
661 899 767 962 quicquid
781 901 811 946 de
831 898 926 961 glorioso
941 901 985 948 Ec-

182 967 258 1016 clesiae
274 965 330 1013 statu
353 965 406 1025 Cap.
424 963 467 1010 LX
483 962 627 1026 praedicitur:
644 963 768 1026 Prophetae
784 962 858 1023 enirn,
880 976 905 1011 ut
921 964 987 1027 saepe

178 1033 226 1096 jain
237 1025 367 1086 observavi,
383 1028 438 1073 Fata
452 1025 565 1074 Ecclesiae
574 1026 607 1075 N.
621 1027 651 1075 T.
663 1025 796 1074 intermedia
811 1027 847 1075 vel
857 1026 989 1090 ignorantes

181 1096 217 1146 uel
226 1094 375 1157 negligentes,
391 1089 418 1137 de
429 1089 509 1137 Meua
519 1091 608 1153 ejusque
624 1091 707 1152 Regno
722 1091 842 1154 loquuntur
862 1090 886 1138 in
902 1091 988 1139 summa

182 1158 292 1222 emphasi,
309 1171 334 1204 ac
345 1154 426 1202 samon
437 1153 496 1202 soret
508 1152 561 1201 felia
571 1168 595 1200 ea
605 1154 719 1201 Ecclesiae
735 1154 846 1211 conditio,
863 1170 929 1218 quam
941 1170 995 1203 non·

179 1223 221 1272 nisi
235 1219 287 1284 post
305 1219 374 1267 multa
390 1219 443 1264 Fata
456 1216 584 1265 intermedIa
599 1216 778 1280 consequeretur.
826 1218 903 1284 Quum
919 1217 987 1282 igitur

179 1284 300 1350 Apostolus
321 1281 523 1340 animaduerteret,
544 1280 640 1343 primum
661 1280 755 1328 Melitae
764 1295 766 1298 ’
775 1281 898 1331 aduentum
913 1278 983 1341 hanc,

180 1360 242 1417 quae
256 1347 292 1395 ltie
307 1344 454 1409 praedicitur,
479 1344 582 1403 salutem,
603 1343 709 1392 uniuerso
725 1344 812 1406 Populo
828 1345 922 1409 Judaico
938 1360 985 1394 non

182 1411 296 1470 adtulisse,
312 1410 374 1459 hinc·
384 1407 444 1456 reste
463 1407 564 1470 collegit,
579 1408 602 1455 id
617 1407 694 1470 postea
709 1406 749 1455 suo
765 1419 868 1470 ternpore
883 1407 928 1456 else
942 1408 986 1457 iru-

179 1478 300 1543 plendum;
316 1487 338 1521 et
352 1473 402 1521 ideo
418 1472 502 1519 diuum
517 1471 561 1519 hoc
576 1471 641 1519 adid
656 1484 745 1532 tempus
760 1471 875 1534 applicuit.
941 1486 944 1488 ’

214 1540 234 1606 q.
251 1539 324 1587 CXLI
336 1539 363 1585 t.›
404 1535 467 1583 Nihil
482 1535 505 1584 in
522 1534 655 1582 tractatione
671 1534 735 1595 hujus
745 1536 832 1582 Periodi
847 1536 911 1584 nohis
922 1550 984 1584 nunc

179 1601 290 1667 superest,
306 1611 408 1665 quamut
418 1598 564 1647 Harmoniam
576 1600 681 1645 Fatorum
697 1598 729 1646 V.
742 1610 764 1644 et
778 1599 811 1647 N.
826 1599 855 1647 T.
868 1599 983 1662 persequa-

177 1684 235 1718 ntur.
274 1668 346 1728 Judae
361 1675 384 1711 et
405 1663 485 1710 Israelis
501 1662 569 1709 diuisa
584 1663 664 1723 Regna
680 1661 707 1707 ad
723 1661 836 1709 Ecclesras
847 1661 945 1710 Orientis
961 1675 984 1714 et

179 1729 320 1788 Occidentis,
333 1730 384 1776 See.
396 1727 429 1773 IX
444 1726 551 1789 separatas
564 1724 607 1772 ase
617 1724 730 1780 inuicem,
746 1725 811 1772 retuli
827 1725 851 1773 in
866 1724 983 1788 superiori-

177 1800 225 1847 hus.
246 1793 324 1842 Restat
338 1789 457 1854 infigniora
477 1790 503 1838 ab
524 1800 616 1854 utraque
636 1795 699 1852 parte
715 1788 768 1835 Fata
789 1788 865 1836 secum
880 1788 980 1838 invicem

179 1872 337 1924 comparemus.

407 1919 437 1967 A.
449 1917 570 1981 Utriusque
580 1917 659 1981 Populi
669 1917 740 1981 Judae
756 1929 778 1965 et
789 1917 870 1965 Israelis
888 1902 983 1981 corrup:v

177 1990 211 2037 tio
221 1988 244 2036 io
255 1987 322 2036 Cultu
331 1982 379 2033 ueri
389 1983 445 2043 Dei,
461 1998 513 2031 curn
525 1981 686 2045 Superstitione
696 1993 718 2028 et
728 1980 854 2031 Idololatria
865 1983 982 2044 copulato,

177 2045 329 2115 corruptisque
338 2046 454 2104 Moribus,
471 2045 572 2094 occurrit.

394 2111 432 2155 Β.
454 2108 770 2169 Corruptionis'insatiabilitas
798 2119 821 2155 et
847 2110 981 2174 pertinacia,

177 2171 441 2230 fiastrareclamaatitas
456 2182 479 2218 et
493 2172 601 2233 Populum
616 2173 733 2219 emendare
745 2173 873 2230 conantibus
883 2176 982 2235 Prophe·
1012 2213 1015 2218 .

179 2246 222 2304 tis,
234 2254 259 2291 et
272 2238 336 2291 Viris
345 2235 390 2301 piis
401 2234 453 2283 aliis.
530 2245 532 2247 ’

324 2309 326 2314 ’
364 2327 368 2331 -
390 2301 426 2347 =C.
438 2297 559 2361 Utriusque
576 2295 653 2359 Populi
669 2295 812 2345 tristiffimum
827 2300 919 2356 Fatum,
929 2312 982 2359 ,quo

176 2374 202 2424 in
218 2368 352 2419 Servitutem
367 2363 444 2411 duram
459 2361 596 2419 inciderunt,
612 2360 720 2409 israelitae
735 2362 762 2408 ab
777 2361 888 2425 Assyriis,
906 2360 985 2426 Judaei

175 2438 190 2489 'a
201 2430 312 2487 Chaldaeis
323 2428 415 2494 oppressi
426 2426 481 2477 etin
493 2425 588 2476 uallum
605 2423 714 2490 deportati
728 2423 784 2474 sunt.

921 2488 985 2536 Haec
