2173 2960
145 135 176 195 36
368 128 466 178 Merbvdi
480 107 685 191 erraveramus
701 130 722 180 I.

147 252 186 297 bus
201 247 324 311 agitarent,
340 262 366 295 ac
381 245 545 293 Traditionibus
560 257 691 304 onerarent;
705 248 785 308 purtim
801 246 860 311 quod
876 245 948 311 hypo-

148 311 204 375 crysr
220 310 294 360 inflati
309 312 404 359 animam
420 309 541 372 Religionis
557 323 737 372 corrumperent,
753 327 808 374 quae
825 311 949 359 Pbariiaeo·

146 392 197 424 rum
208 374 241 423 est
257 374 385 438 descriptio:
400 376 481 435 partun
497 373 569 439 quod,
587 373 624 437 spe
640 373 736 422 melioris
748 375 813 424 Vitae
829 376 950 436 abnegata,
1000 417 1005 422 ,

149 439 195 488 sese
211 440 271 488 carni
286 438 361 487 secure
376 438 500 495 traderent,
516 439 553 503 qui
569 438 745 487 Sadducaeorum
762 439 794 487 est
804 437 948 500 conspebbus:

147 507 229 566 purtim
246 503 353 566 denique,
375 502 434 566 quod
449 517 524 550 curam
546 503 624 565 Popuii
644 502 786 564 negligerent.
820 502 952 564 Proplretiae

149 569 206 617 hanc
216 566 331 614 Pastorum
348 566 514 628 corruptionem
530 565 738 612 describentesssunt
748 567 890 630 praecipuae,
922 564 951 614 cs.

151 631 264 680 XXVIII:
277 644 300 689 7,
314 644 350 688 14,
365 644 401 688 15.
436 630 522 676 XXIII:
537 645 573 686 10,
588 643 624 687 15.
658 628 739 678 Erech.
757 631 869 679 XXXIV:
885 634 947 680 ra·-

154 710 192 743 aa.
224 693 295 742 ,Zachx
311 693 353 741 XI:
373 708 394 750 1,
411 707 433 740 2.
467 693 522 739 Mal.
538 692 579 739 III.

377 755 399 804 d.
415 757 441 802 In
464 754 542 819 Specie
561 755 589 802 de
614 753 748 818 Principibus
774 756 954 817 observandum,

86 860 88 865 ,
151 820 210 878 ilios,
227 819 319 866 Ducum
336 816 443 880 dignitate
465 834 510 866 non
527 826 658 876 contentos,
679 818 792 866 revocasse
808 820 953 882 Majestatem

154 883 262 946 Regiam,
279 894 302 929 et
310 881 341 928 ita
351 882 474 945 Regiminis
485 881 528 928 Dei
538 880 632 944 speciem
644 881 779 940 obscuraffe3
796 883 850 931 Vid.
866 884 953 932 Erech.

153 949 217 996 XXI:
235 950 275 1005 26,
292 959 329 1006 27.
351 946 388 992 Sir
404 947 461 993 diair
477 945 579 993 nauus
597 945 693 1007 Jehova:
720 949 842 996 removebo
852 946 954 1010 fasciam

153 1011 254 1074 arder-ana
269 1024 363 1057 cornarani
380 1007 549 1072 (sacerdotalem
564 1009 627 1057 simul
643 1010 737 1072 regiam,
753 1021 808 1057 tunc
819 1025 884 1058 unam
900 1025 951 1058 ean·

154 1073 218 1136 uem)
235 1075 286 1122 Iader
303 1090 341 1121 nou
352 1074 402 1120 baar
413 1070 444 1135 esd
462 1070 555 1137 (corona
570 1085 692 1121 memorata
707 1073 759 1120 burc
777 1088 821 1121 non
838 1072 870 1120 est
885 1073 969 1134 burc,
993 1084 994 1087 ’

154 1139 193 1188 seu
209 1153 255 1185 non
271 1151 322 1185 vera
334 1134 456 1193 Dauidica,
474 1135 540 1198 qrraiis
555 1133 599 1182 effe
614 1135 719 1195 debebat,
736 1152 777 1183 nec
787 1137 852 1185 firma
866 1150 888 1185 et
904 1154 954 1202 per-

154 1198 248 1264 tennis.)
270 1201 366 1249 Irrunilrm
382 1200 494 1257 adalrado,
515 1201 583 1246 altuni
602 1199 716 1247 Irrurriliada
733 1198 774 1263 (ita
789 1200 862 1259 soieo,
878 1202 908 1249 ita
923 1201 957 1250 fa-

154 1268 223 1315 ciam:
240 1279 331 1327 regnum
348 1263 431 1326 Judae,
446 1261 579 1310 sacerdotale
593 1262 696 1325 regium,
709 1278 797 1327 quoque
807 1264 917 1312 excelsum
933 1277 956 1312 et

154 1328 273 1387 fastosum,
285 1328 312 1376 ad
322 1327 413 1375 nibilum
422 1326 534 1389 redigam,
551 1337 573 1373 et
582 1340 676 1389 regnum
687 1327 825 1374 humiliatum
835 1328 959 1376 seu-Davi*

155 1394 243 1452 dicum,
255 1392 393 1439 obscuratum
405 1404 464 1437 ntrnc
480 1401 502 1436 ct
517 1389 654 1451 depreffum,
666 1390 689 1438 in
700 1389 790 1438 sublime
800 1391 884 1451 feram,
901 1391 961 1440 scili·
1028 1446 1029 1449 Ἴ
1046 1429 1050 1432 -

156 1469 194 1506 cet
208 1458 233 1504 in
249 1454 343 1520 Messra)
362 1452 525 1515 Conrmfionenz,
541 1452 698 1514 cordorfiuueuz,
720 1454 865 1515 rordorfioneuz
879 1468 957 1517 pondua
980 1470 982 1472 ·

156 1521 226 1585 ipsura
243 1521 333 1583 (notam
348 1517 369 1564 ei
383 1517 484 1564 infamiae
498 1516 619 1575 inurendO,
635 1517 671 1564 vel
691 1527 714 1563 et
734 1518 757 1564 in
773 1533 822 1565 eam
838 1519 955 1566 irruendo:

156 1600 213 1649 quae
223 1595 315 1648 unaque
325 1580 420 1644 potestas
435 1579 501 1627 radici
510 1581 572 1631 DI&
587 1591 610 1625 et
626 1582 687 1628 tatu
696 1579 766 1639 Inest,
783 1580 957 1644 cdrrsurueverfi·

155 1650 205 1696 onis
215 1647 305 1694 exbibet
315 1659 361 1693 voa
372 1654 417 1705 my
432 1643 523 1705 proprie
538 1642 643 1707 ddsIorsto,
655 1643 694 1691 usu
705 1656 759 1691 vero
771 1646 885 1706 iniquiter,
896 1656 955 1707 'quae

155 1710 188 1759 est
198 1710 262 1773 aequi
277 1724 303 1754 ac
315 1708 369 1769 justi
385 1705 496 1761 distorfio,
514 1707 548 1750 cui
563 1721 618 1751 mox
629 1706 749 1765 opponitur
761 1707 797 1767 jus
813 1718 836 1753 et
848 1707 957 1768 judicium

154 1776 177 1825 in
198 1790 238 1832 eo,
260 1770 295 1819 cui
316 1783 397 1818 corona
418 1765 568 1823 erat,danda;
599 1765 666 1812 Triari
687 1780 783 1813 coronae
804 1769 919 1831 corruptio
935 1779 958 1815 et

155 1837 254 1892 eversro,
266 1836 323 1881 sicut
333 1830 446 1892 emphasin
457 1841 535 1891 auget,
552 1830 682 1891 gravitatem
693 1844 719 1876 ac
729 1831 881 1878 certitudmem
888 1831 957 1879 deno·
1000 1854 1002 1856 >

155 1915 217 1958 tans,
246 1897 278 1943 ita
302 1894 324 1942 se
348 1891 460 1940 transferri
480 1892 562 1956 patitur
581 1892 608 1940 ad
631 1891 766 1940 Tsedckianr
792 1893 957 1954 Aristobuium‚

157 1963 256 2029 primum
282 1972 310 2003 ex
325 1956 462 2004 Maccabaeis
483 1971 558 2019 regem
580 1967 602 2002 et
623 1956 768 2015 Pontificem,
791 1973 817 2004 ac
833 1956 960 2005 Herodem

158 2024 209 2089 Μ.)
232 2024 297 2069 erinna
321 2021 373 2067 liner
394 2034 431 2063 uon
453 2022 505 2078 erit,
521 2021 582 2067 doum
603 2022 694 2079 verreria,
711 2024 772 2082 rrrjas
789 2020 820 2084 est
832 2021 953 2084 jeddadida,

160 2102 180 2140 er
197 2087 288 2136 dederim
303 2084 336 2129 idi
359 2078 414 2144 (ipsu
428 2080 463 2126 ida
484 2095 565 2127 corona
584 2081 672 2127 humilis
692 2084 804 2131 exaltanda
829 2099 875 2130 non
891 2083 959 2131 habe-

158 2154 191 2204 bit
206 2153 294 2205 locum,
311 2144 349 2194 nisr
366 2159 416 2191 eum
429 2141 502 2207 justus
518 2143 553 2190 ilie
568 2143 692 2203 advenerit,
709 2145 744 2191 eui
759 2146 793 2208 jus
808 2147 829 2194 in
847 2162 894 2194 eam
911 2147 957 2206 est,

159 2216 239 2279 cuique
255 2228 304 2259 eam
320 2207 396 2271 dabo.)
422 2206 530 2269 Pericopa
545 2206 599 2253 haec
613 2207 685 2268 itaque
704 2209 789 2256 externi
810 2209 871 2272 regni
888 2211 959 2266 Davi<

158 2281 213 2338 dici,
230 2288 334 2339 tanquam
349 2270 422 2320 I'astosr
434 2283 457 2318 et
468 2270 577 2332 corrupti,
594 2268 777 2331 destrudiionem,
793 2272 888 2320 nuncin
902 2274 958 2321 Tse·
993 2325 995 2328 y

157 2343 233 2400 decia,
249 2337 326 2403 postea
335 2338 356 2384 iu
368 2336 411 2384 aliis
426 2335 514 2399 regibus
530 2335 602 2383 denuo
613 2333 706 2394 exortis,
718 2334 853 2394 faciendam,
867 2349 888 2383 et
900 2336 959 2399 spiri-

156 2407 220 2459 tualis
230 2403 294 2468 regni
303 2402 325 2452 in
335 2400 428 2462 Meffia,
440 2400 538 2464 genuino
550 2396 642 2450 Doridis
652 2399 712 2462 filio,
723 2399 787 2465 regni
798 2415 851 2450 vero
862 2401 961 2450 veritatis
985 2408 987 2412 ’

197 2497 198 2500 =
938 2474 962 2512 et
