<?xml version="1.0" encoding="UTF-8"?>
<!DOCTYPE html PUBLIC "-//W3C//DTD XHTML 1.0 Transitional//EN"
    "http://www.w3.org/TR/xhtml1/DTD/xhtml1-transitional.dtd">
<html xmlns="http://www.w3.org/1999/xhtml" xml:lang="en" lang="en">
 <head>
  <title>
</title>
<meta http-equiv="Content-Type" content="text/html;charset=utf-8" />
  <meta name='ocr-system' content='tesseract 3.04.00' />
  <meta name='ocr-capabilities' content='ocr_page ocr_carea ocr_par ocr_line ocrx_word'/>
</head>
<body>
  <div class='ocr_page' id='page_1' title='image "MN40360ucmf_0_0202.png"; bbox 0 0 2173 2960; ppageno 0'>
   <div class='ocr_carea' id='block_1_1' title="bbox 191 168 779 235">
    <p class='ocr_par' dir='ltr' id='par_1_1' title="bbox 191 168 779 235">
     <span class='ocr_line' id='line_1_1' title="bbox 191 168 779 235; baseline 0.003 -12"><span class='ocrx_word' id='word_1_1' title='bbox 191 183 235 235; x_wconf 77' lang='lat'>172</span> <span class='ocrx_word' id='word_1_2' title='bbox 405 173 503 223; x_wconf 78' lang='lat' dir='ltr'>Metlrodi</span> <span class='ocrx_word' id='word_1_3' title='bbox 518 168 656 235; x_wconf 78' lang='lat' dir='ltr'>Proplrotlrur</span> <span class='ocrx_word' id='word_1_4' title='bbox 672 175 728 222; x_wconf 75' lang='lat' dir='ltr'>Pois</span> <span class='ocrx_word' id='word_1_5' title='bbox 745 176 779 225; x_wconf 84' lang='grc' dir='ltr'>Η.</span> 
     </span>
    </p>
   </div>
   <div class='ocr_carea' id='block_1_2' title="bbox 158 289 1023 2562">
    <p class='ocr_par' dir='ltr' id='par_1_2' title="bbox 165 289 996 1118">
     <span class='ocr_line' id='line_1_2' title="bbox 187 289 991 349; baseline 0.001 -10"><span class='ocrx_word' id='word_1_6' title='bbox 187 306 235 339; x_wconf 85' lang='lat' dir='ltr'>rem</span> <span class='ocrx_word' id='word_1_7' title='bbox 250 295 306 340; x_wconf 67' lang='lat' dir='ltr'>sard</span> <span class='ocrx_word' id='word_1_8' title='bbox 321 291 347 343; x_wconf 70' lang='lat' dir='ltr'>ri</span> <span class='ocrx_word' id='word_1_9' title='bbox 361 289 410 340; x_wconf 69' lang='grc' dir='ltr'>πολὺ</span> <span class='ocrx_word' id='word_1_10' title='bbox 424 291 560 349; x_wconf 86' lang='lat' dir='ltr'>confideres,</span> <span class='ocrx_word' id='word_1_11' title='bbox 575 303 601 339; x_wconf 88' lang='lat' dir='ltr'>ut</span> <span class='ocrx_word' id='word_1_12' title='bbox 617 291 720 340; x_wconf 83' lang='lat' dir='ltr'>ueritates</span> <span class='ocrx_word' id='word_1_13' title='bbox 734 292 786 339; x_wconf 83' lang='lat' dir='ltr'>suae</span> <span class='ocrx_word' id='word_1_14' title='bbox 799 289 946 349; x_wconf 57' lang='lat' dir='ltr'>sellam-non</span> <span class='ocrx_word' id='word_1_15' title='bbox 963 304 991 340; x_wconf 83' lang='lat' dir='ltr'>ex</span> 
     </span>
     <span class='ocr_line' id='line_1_3' title="bbox 190 354 991 420; baseline 0.001 -18"><span class='ocrx_word' id='word_1_16' title='bbox 190 354 258 414; x_wconf 85' lang='lat' dir='ltr'>animi</span> <span class='ocrx_word' id='word_1_17' title='bbox 273 357 338 419; x_wconf 87' lang='lat' dir='ltr'>plena</span> <span class='ocrx_word' id='word_1_18' title='bbox 355 354 498 403; x_wconf 68' lang='lat' dir='ltr'>convictione</span> <span class='ocrx_word' id='word_1_19' title='bbox 518 354 569 420; x_wconf 81' lang='lat' dir='ltr'>poll</span> <span class='ocrx_word' id='word_1_20' title='bbox 589 356 691 403; x_wconf 88' lang='lat' dir='ltr'>debitum</span> <span class='ocrx_word' id='word_1_21' title='bbox 711 371 815 413; x_wconf 83' lang='lat' dir='ltr'>examen,</span> <span class='ocrx_word' id='word_1_22' title='bbox 836 354 874 402; x_wconf 82' lang='lat' dir='ltr'>secl</span> <span class='ocrx_word' id='word_1_23' title='bbox 891 370 919 402; x_wconf 83' lang='lat' dir='ltr'>ex</span> <span class='ocrx_word' id='word_1_24' title='bbox 938 356 991 403; x_wconf 88' lang='lat' dir='ltr'>edu·</span> 
     </span>
     <span class='ocr_line' id='line_1_4' title="bbox 181 418 992 483; baseline 0.001 -19"><span class='ocrx_word' id='word_1_25' title='bbox 181 418 292 480; x_wconf 65' lang='lat' dir='ltr'>,catione.‚</span> <span class='ocrx_word' id='word_1_26' title='bbox 302 418 391 482; x_wconf 79' lang='lat' dir='ltr'>aliisque</span> <span class='ocrx_word' id='word_1_27' title='bbox 400 418 516 483; x_wconf 79' lang='lat' dir='ltr'>Principiis</span> <span class='ocrx_word' id='word_1_28' title='bbox 524 419 651 468; x_wconf 85' lang='lat' dir='ltr'>carnalibus</span> <span class='ocrx_word' id='word_1_29' title='bbox 663 432 685 468; x_wconf 87' lang='lat' dir='ltr'>et</span> <span class='ocrx_word' id='word_1_30' title='bbox 695 418 811 468; x_wconf 86' lang='lat' dir='ltr'>mundanis</span> <span class='ocrx_word' id='word_1_31' title='bbox 818 456 824 478; x_wconf 95' lang='lat'>,</span> <span class='ocrx_word' id='word_1_32' title='bbox 831 418 992 482; x_wconf 87' lang='lat' dir='ltr'>profiteantur,</span> 
     </span>
     <span class='ocr_line' id='line_1_5' title="bbox 165 481 992 548; baseline -0.001 -17"><span class='ocrx_word' id='word_1_33' title='bbox 165 508 167 511; x_wconf 89' lang='lat'><em>·</em></span> <span class='ocrx_word' id='word_1_34' title='bbox 188 482 242 531; x_wconf 86' lang='lat' dir='ltr'>ideis</span> <span class='ocrx_word' id='word_1_35' title='bbox 257 483 311 543; x_wconf 82' lang='lat' dir='ltr'>illis,</span> <span class='ocrx_word' id='word_1_36' title='bbox 326 498 378 545; x_wconf 87' lang='lat' dir='ltr'>quas</span> <span class='ocrx_word' id='word_1_37' title='bbox 393 484 419 530; x_wconf 87' lang='lat' dir='ltr'>ab</span> <span class='ocrx_word' id='word_1_38' title='bbox 434 481 527 532; x_wconf 79' lang='lat' dir='ltr'>infantia</span> <span class='ocrx_word' id='word_1_39' title='bbox 542 483 672 543; x_wconf 83' lang='lat' dir='ltr'>hauserunt,</span> <span class='ocrx_word' id='word_1_40' title='bbox 694 499 734 548; x_wconf 84' lang='lat' dir='ltr'>per</span> <span class='ocrx_word' id='word_1_41' title='bbox 748 482 902 531; x_wconf 79' lang='lat' dir='ltr'>educationem</span> <span class='ocrx_word' id='word_1_42' title='bbox 919 483 992 530; x_wconf 84' lang='lat' dir='ltr'>etin-</span> 
     </span>
     <span class='ocr_line' id='line_1_6' title="bbox 190 546 993 610; baseline -0.004 -15"><span class='ocrx_word' id='word_1_43' title='bbox 190 546 341 605; x_wconf 84' lang='lat' dir='ltr'>stitutionem,</span> <span class='ocrx_word' id='word_1_44' title='bbox 353 560 380 594; x_wconf 88' lang='lat' dir='ltr'>ne</span> <span class='ocrx_word' id='word_1_45' title='bbox 391 546 442 594; x_wconf 87' lang='lat' dir='ltr'>alias</span> <span class='ocrx_word' id='word_1_46' title='bbox 459 547 557 596; x_wconf 87' lang='lat' dir='ltr'>rationes</span> <span class='ocrx_word' id='word_1_47' title='bbox 569 546 669 610; x_wconf 84' lang='lat' dir='ltr'>politicas</span> <span class='ocrx_word' id='word_1_48' title='bbox 679 560 717 596; x_wconf 84' lang='lat' dir='ltr'>aut</span> <span class='ocrx_word' id='word_1_49' title='bbox 726 547 846 595; x_wconf 83' lang='lat' dir='ltr'>mundanas</span> <span class='ocrx_word' id='word_1_50' title='bbox 855 561 993 605; x_wconf 87' lang='lat' dir='ltr'>memorem,</span> 
     </span>
     <span class='ocr_line' id='line_1_7' title="bbox 190 608 993 674; baseline -0.001 -15"><span class='ocrx_word' id='word_1_51' title='bbox 190 610 274 659; x_wconf 84' lang='lat' dir='ltr'>adsueti</span> <span class='ocrx_word' id='word_1_52' title='bbox 291 609 371 674; x_wconf 85' lang='lat' dir='ltr'>magis,</span> <span class='ocrx_word' id='word_1_53' title='bbox 392 625 460 674; x_wconf 86' lang='lat' dir='ltr'>quam</span> <span class='ocrx_word' id='word_1_54' title='bbox 475 611 560 660; x_wconf 76' lang='lat' dir='ltr'>intime</span> <span class='ocrx_word' id='word_1_55' title='bbox 574 610 681 664; x_wconf 68' lang='lat' dir='ltr'>conum</span> <span class='ocrx_word' id='word_1_56' title='bbox 710 611 747 659; x_wconf 88' lang='lat' dir='ltr'>Sic</span> <span class='ocrx_word' id='word_1_57' title='bbox 763 610 786 658; x_wconf 83' lang='lat' dir='ltr'>[e</span> <span class='ocrx_word' id='word_1_58' title='bbox 804 610 871 658; x_wconf 82' lang='lat' dir='ltr'>habet</span> <span class='ocrx_word' id='word_1_59' title='bbox 885 608 993 660; x_wconf 78' lang='lat' dir='ltr'>Veritatis</span> 
     </span>
     <span class='ocr_line' id='line_1_8' title="bbox 186 673 733 727; baseline 0 -4"><span class='ocrx_word' id='word_1_60' title='bbox 186 673 310 727; x_wconf 60' lang='lat' dir='ltr'>Studium„</span> <span class='ocrx_word' id='word_1_61' title='bbox 322 685 324 690; x_wconf 77' lang='grc'>’</span> <span class='ocrx_word' id='word_1_62' title='bbox 511 694 513 699; x_wconf 94' lang='lat'><em>·</em></span> <span class='ocrx_word' id='word_1_63' title='bbox 524 681 525 685; x_wconf 76' lang='grc'>’</span> <span class='ocrx_word' id='word_1_64' title='bbox 731 720 733 723; x_wconf 78' lang='grc'>,</span> 
     </span>
     <span class='ocr_line' id='line_1_9' title="bbox 222 736 993 800; baseline 0.004 -17"><span class='ocrx_word' id='word_1_65' title='bbox 222 738 243 800; x_wconf 73' lang='lat'>§.</span> <span class='ocrx_word' id='word_1_66' title='bbox 260 738 328 784; x_wconf 86' lang='lat' dir='ltr'>CLII.</span> <span class='ocrx_word' id='word_1_67' title='bbox 420 739 445 786; x_wconf 86' lang='lat' dir='ltr'>B.</span> <span class='ocrx_word' id='word_1_68' title='bbox 459 738 581 786; x_wconf 85' lang='lat' dir='ltr'>Videamus</span> <span class='ocrx_word' id='word_1_69' title='bbox 591 738 620 786; x_wconf 87' lang='lat' dir='ltr'>de</span> <span class='ocrx_word' id='word_1_70' title='bbox 631 736 710 785; x_wconf 85' lang='lat' dir='ltr'>Studio</span> <span class='ocrx_word' id='word_1_71' title='bbox 720 739 815 786; x_wconf 77' lang='lat' dir='ltr'>Pietatis</span> <span class='ocrx_word' id='word_1_72' title='bbox 827 738 957 797; x_wconf 82' lang='lat' dir='ltr'>etvirtutis3</span> <span class='ocrx_word' id='word_1_73' title='bbox 967 738 993 786; x_wconf 93' lang='lat' dir='ltr'>il-</span> 
     </span>
     <span class='ocr_line' id='line_1_10' title="bbox 190 799 995 863; baseline 0.002 -15"><span class='ocrx_word' id='word_1_74' title='bbox 190 801 228 849; x_wconf 91' lang='lat' dir='ltr'>lud</span> <span class='ocrx_word' id='word_1_75' title='bbox 248 799 319 862; x_wconf 88' lang='lat' dir='ltr'>magis</span> <span class='ocrx_word' id='word_1_76' title='bbox 336 799 410 847; x_wconf 85' lang='lat' dir='ltr'>adlruc</span> <span class='ocrx_word' id='word_1_77' title='bbox 429 801 495 863; x_wconf 84' lang='lat' dir='ltr'>jacet.</span> <span class='ocrx_word' id='word_1_78' title='bbox 521 802 587 849; x_wconf 86' lang='lat' dir='ltr'>Licet</span> <span class='ocrx_word' id='word_1_79' title='bbox 607 814 714 849; x_wconf 78' lang='lat' dir='ltr'>externae</span> <span class='ocrx_word' id='word_1_80' title='bbox 730 801 855 863; x_wconf 81' lang='lat' dir='ltr'>Religionis</span> <span class='ocrx_word' id='word_1_81' title='bbox 869 802 956 849; x_wconf 80' lang='lat' dir='ltr'>formae</span> <span class='ocrx_word' id='word_1_82' title='bbox 971 802 995 850; x_wconf 80' lang='lat' dir='ltr'>sa</span> 
     </span>
     <span class='ocr_line' id='line_1_11' title="bbox 188 862 955 927; baseline -0.003 -15"><span class='ocrx_word' id='word_1_83' title='bbox 188 862 308 922; x_wconf 76' lang='lat' dir='ltr'>studiosos,</span> <span class='ocrx_word' id='word_1_84' title='bbox 325 862 391 910; x_wconf 88' lang='lat' dir='ltr'>etiam</span> <span class='ocrx_word' id='word_1_85' title='bbox 400 864 427 911; x_wconf 87' lang='lat' dir='ltr'>ad</span> <span class='ocrx_word' id='word_1_86' title='bbox 438 864 618 926; x_wconf 85' lang='lat' dir='ltr'>superstitionem</span> <span class='ocrx_word' id='word_1_87' title='bbox 626 864 709 927; x_wconf 87' lang='lat' dir='ltr'>usqne,</span> <span class='ocrx_word' id='word_1_88' title='bbox 724 865 850 926; x_wconf 70' lang='lat' dir='ltr'>praestent,</span> <span class='ocrx_word' id='word_1_89' title='bbox 865 876 955 911; x_wconf 87' lang='lat' dir='ltr'>tamen·</span> 
     </span>
     <span class='ocr_line' id='line_1_12' title="bbox 411 926 994 991; baseline -0.005 -13"><span class='ocrx_word' id='word_1_90' title='bbox 411 939 441 984; x_wconf 67' lang='lat' dir='ltr'>nl.</span> <span class='ocrx_word' id='word_1_91' title='bbox 450 929 506 977; x_wconf 89' lang='lat' dir='ltr'>Illud</span> <span class='ocrx_word' id='word_1_92' title='bbox 511 928 636 991; x_wconf 87' lang='lat' dir='ltr'>Religionis</span> <span class='ocrx_word' id='word_1_93' title='bbox 647 926 791 975; x_wconf 73' lang='lat' dir='ltr'>excercitum</span> <span class='ocrx_word' id='word_1_94' title='bbox 802 928 871 990; x_wconf 87' lang='lat' dir='ltr'>magis</span> <span class='ocrx_word' id='word_1_95' title='bbox 881 927 994 975; x_wconf 88' lang='lat' dir='ltr'>econsue·</span> 
     </span>
     <span class='ocr_line' id='line_1_13' title="bbox 188 989 996 1055; baseline 0.002 -18"><span class='ocrx_word' id='word_1_96' title='bbox 188 989 308 1053; x_wconf 76' lang='lat' dir='ltr'>tudine,et</span> <span class='ocrx_word' id='word_1_97' title='bbox 318 989 417 1038; x_wconf 84' lang='lat' dir='ltr'>decentia</span> <span class='ocrx_word' id='word_1_98' title='bbox 427 1002 465 1038; x_wconf 90' lang='lat' dir='ltr'>ant</span> <span class='ocrx_word' id='word_1_99' title='bbox 475 992 614 1050; x_wconf 85' lang='lat' dir='ltr'>neceffitate,</span> <span class='ocrx_word' id='word_1_100' title='bbox 625 1006 692 1055; x_wconf 85' lang='lat' dir='ltr'>quam</span> <span class='ocrx_word' id='word_1_101' title='bbox 703 1006 731 1038; x_wconf 88' lang='lat' dir='ltr'>ex</span> <span class='ocrx_word' id='word_1_102' title='bbox 741 990 867 1039; x_wconf 88' lang='lat' dir='ltr'>amoreDei</span> <span class='ocrx_word' id='word_1_103' title='bbox 877 989 961 1051; x_wconf 83' lang='lat' dir='ltr'>oritur3</span> <span class='ocrx_word' id='word_1_104' title='bbox 973 1002 996 1039; x_wconf 86' lang='lat' dir='ltr'>et</span> 
     </span>
     <span class='ocr_line' id='line_1_14' title="bbox 191 1053 959 1118; baseline 0.001 -17"><span class='ocrx_word' id='word_1_105' title='bbox 191 1054 208 1102; x_wconf 77' lang='lat' dir='ltr'>fi</span> <span class='ocrx_word' id='word_1_106' title='bbox 223 1069 270 1102; x_wconf 90' lang='lat' dir='ltr'>non</span> <span class='ocrx_word' id='word_1_107' title='bbox 283 1053 366 1114; x_wconf 69' lang='lat' dir='ltr'>cratia,</span> <span class='ocrx_word' id='word_1_108' title='bbox 381 1054 459 1102; x_wconf 84' lang='lat' dir='ltr'>&#39;saltem</span> <span class='ocrx_word' id='word_1_109' title='bbox 474 1054 574 1104; x_wconf 84' lang='lat' dir='ltr'>sttbtilior</span> <span class='ocrx_word' id='word_1_110' title='bbox 586 1057 696 1118; x_wconf 43' lang='lat' dir='ltr'>‘quaedam</span> <span class='ocrx_word' id='word_1_111' title='bbox 711 1053 742 1101; x_wconf 88' lang='lat' dir='ltr'>est</span> <span class='ocrx_word' id='word_1_112' title='bbox 754 1054 885 1118; x_wconf 80' lang='lat' dir='ltr'>hypocrisis.</span> <span class='ocrx_word' id='word_1_113' title='bbox 901 1074 902 1077; x_wconf 44' lang='lat'>¹</span> <span class='ocrx_word' id='word_1_114' title='bbox 956 1056 959 1060; x_wconf 77' lang='grc'>’</span> 
     </span>
    </p>

    <p class='ocr_par' dir='ltr' id='par_1_3' title="bbox 158 1116 996 1308">
     <span class='ocr_line' id='line_1_15' title="bbox 414 1116 996 1183; baseline 0 -18"><span class='ocrx_word' id='word_1_115' title='bbox 414 1127 439 1173; x_wconf 74' lang='lat' dir='ltr'>:t</span> <span class='ocrx_word' id='word_1_116' title='bbox 456 1118 560 1167; x_wconf 85' lang='lat' dir='ltr'>Studium</span> <span class='ocrx_word' id='word_1_117' title='bbox 575 1119 597 1166; x_wconf 88' lang='lat' dir='ltr'>id</span> <span class='ocrx_word' id='word_1_118' title='bbox 612 1117 737 1183; x_wconf 78' lang='lat' dir='ltr'>Religionis</span> <span class='ocrx_word' id='word_1_119' title='bbox 751 1118 800 1166; x_wconf 88' lang='lat' dir='ltr'>fere</span> <span class='ocrx_word' id='word_1_120' title='bbox 818 1117 944 1180; x_wconf 69' lang='lat' dir='ltr'>sejundlum</span> <span class='ocrx_word' id='word_1_121' title='bbox 964 1116 996 1166; x_wconf 86' lang='lat' dir='ltr'>est</span> 
     </span>
     <span class='ocr_line' id='line_1_16' title="bbox 192 1179 995 1246; baseline 0 -17"><span class='ocrx_word' id='word_1_122' title='bbox 192 1197 204 1229; x_wconf 85' lang='lat' dir='ltr'>a</span> <span class='ocrx_word' id='word_1_123' title='bbox 220 1195 286 1230; x_wconf 83' lang='lat' dir='ltr'>verae</span> <span class='ocrx_word' id='word_1_124' title='bbox 300 1181 395 1230; x_wconf 80' lang='lat' dir='ltr'>Virtutis</span> <span class='ocrx_word' id='word_1_125' title='bbox 410 1179 494 1240; x_wconf 87' lang='lat' dir='ltr'>studio,</span> <span class='ocrx_word' id='word_1_126' title='bbox 511 1182 594 1246; x_wconf 86' lang='lat' dir='ltr'>quippe</span> <span class='ocrx_word' id='word_1_127' title='bbox 609 1184 669 1244; x_wconf 86' lang='lat' dir='ltr'>quod</span> <span class='ocrx_word' id='word_1_128' title='bbox 680 1181 749 1232; x_wconf 78' lang='lat' dir='ltr'>,valde</span> <span class='ocrx_word' id='word_1_129' title='bbox 764 1181 879 1230; x_wconf 75' lang='lat' dir='ltr'>remilium</span> <span class='ocrx_word' id='word_1_130' title='bbox 894 1181 927 1229; x_wconf 86' lang='lat' dir='ltr'>est</span> <span class='ocrx_word' id='word_1_131' title='bbox 937 1180 995 1230; x_wconf 90' lang='lat' dir='ltr'>iuter</span> 
     </span>
     <span class='ocr_line' id='line_1_17' title="bbox 158 1243 898 1308; baseline -0.001 -14"><span class='ocrx_word' id='word_1_132' title='bbox 158 1256 162 1259; x_wconf 59' lang='lat'><strong>⁴</strong></span> <span class='ocrx_word' id='word_1_133' title='bbox 191 1243 295 1294; x_wconf 80' lang='lat' dir='ltr'>omniunt</span> <span class='ocrx_word' id='word_1_134' title='bbox 303 1245 419 1294; x_wconf 72' lang='lat' dir='ltr'>&#39;Seclarum</span> <span class='ocrx_word' id='word_1_135' title='bbox 430 1243 577 1293; x_wconf 87' lang='lat' dir='ltr'>Christianos:</span> <span class='ocrx_word' id='word_1_136' title='bbox 594 1245 657 1308; x_wconf 81' lang='lat' dir='ltr'>cnjus</span> <span class='ocrx_word' id='word_1_137' title='bbox 664 1245 736 1292; x_wconf 75' lang='lat' dir='ltr'>&#39;multa</span> <span class='ocrx_word' id='word_1_138' title='bbox 745 1244 798 1292; x_wconf 70' lang='lat' dir='ltr'>funt</span> <span class='ocrx_word' id='word_1_139' title='bbox 807 1244 898 1293; x_wconf 87' lang='lat' dir='ltr'>indicia:</span> 
     </span>
    </p>

    <p class='ocr_par' dir='ltr' id='par_1_4' title="bbox 186 1307 999 1943">
     <span class='ocr_line' id='line_1_18' title="bbox 416 1307 996 1371; baseline 0.002 -15"><span class='ocrx_word' id='word_1_140' title='bbox 416 1325 435 1363; x_wconf 83' lang='lat' dir='ltr'>a.</span> <span class='ocrx_word' id='word_1_141' title='bbox 451 1309 489 1356; x_wconf 88' lang='lat' dir='ltr'>De</span> <span class='ocrx_word' id='word_1_142' title='bbox 510 1308 639 1356; x_wconf 84' lang='lat' dir='ltr'>neceffitate</span> <span class='ocrx_word' id='word_1_143' title='bbox 660 1320 683 1356; x_wconf 89' lang='lat' dir='ltr'>et</span> <span class='ocrx_word' id='word_1_144' title='bbox 702 1307 835 1371; x_wconf 84' lang='lat' dir='ltr'>praestantia</span> <span class='ocrx_word' id='word_1_145' title='bbox 855 1308 953 1357; x_wconf 85' lang='lat' dir='ltr'>Virtutis</span> <span class='ocrx_word' id='word_1_146' title='bbox 968 1307 996 1357; x_wconf 83' lang='lat' dir='ltr'>ad</span> 
     </span>
     <span class='ocr_line' id='line_1_19' title="bbox 193 1370 997 1435; baseline -0.002 -14"><span class='ocrx_word' id='word_1_147' title='bbox 193 1372 292 1421; x_wconf 75' lang='lat' dir='ltr'>Salutem</span> <span class='ocrx_word' id='word_1_148' title='bbox 305 1370 489 1435; x_wconf 80' lang='lat' dir='ltr'>&#39;consequendam</span> <span class='ocrx_word' id='word_1_149' title='bbox 508 1372 582 1419; x_wconf 89' lang='lat' dir='ltr'>minus</span> <span class='ocrx_word' id='word_1_150' title='bbox 600 1370 651 1419; x_wconf 80' lang='lat' dir='ltr'>-fere</span> <span class='ocrx_word' id='word_1_151' title='bbox 671 1370 766 1435; x_wconf 74' lang='lat' dir='ltr'>persuasi</span> <span class='ocrx_word' id='word_1_152' title='bbox 781 1370 831 1418; x_wconf 86' lang='lat' dir='ltr'>sunt</span> <span class='ocrx_word' id='word_1_153' title='bbox 850 1370 997 1435; x_wconf 86' lang='lat' dir='ltr'>plurimarum</span> 
     </span>
     <span class='ocr_line' id='line_1_20' title="bbox 186 1433 998 1498; baseline -0.001 -15"><span class='ocrx_word' id='word_1_154' title='bbox 186 1433 308 1493; x_wconf 29' lang='lat' dir='ltr'>,Setinum</span> <span class='ocrx_word' id='word_1_155' title='bbox 328 1434 451 1487; x_wconf 84' lang='lat' dir='ltr'>Christiani.</span> <span class='ocrx_word' id='word_1_156' title='bbox 477 1434 591 1498; x_wconf 65' lang='lat' dir='ltr'>,Papillae</span> <span class='ocrx_word' id='word_1_157' title='bbox 608 1436 633 1483; x_wconf 85' lang='lat' dir='ltr'>in</span> <span class='ocrx_word' id='word_1_158' title='bbox 647 1434 746 1483; x_wconf 66' lang='lat' dir='ltr'>,externis</span> <span class='ocrx_word' id='word_1_159' title='bbox 760 1434 841 1482; x_wconf 63' lang='lat' dir='ltr'>‘Sellae</span> <span class='ocrx_word' id='word_1_160' title='bbox 855 1433 956 1494; x_wconf 87' lang='lat' dir='ltr'>Ritibus,</span> <span class='ocrx_word' id='word_1_161' title='bbox 971 1446 998 1482; x_wconf 90' lang='lat' dir='ltr'>ut</span> 
     </span>
     <span class='ocr_line' id='line_1_21' title="bbox 193 1497 999 1559; baseline -0.001 -11"><span class='ocrx_word' id='word_1_162' title='bbox 193 1498 349 1558; x_wconf 84' lang='lat' dir='ltr'>Sacramentis,</span> <span class='ocrx_word' id='word_1_163' title='bbox 364 1497 520 1547; x_wconf 74' lang='lat' dir='ltr'>tinterccffione</span> <span class='ocrx_word' id='word_1_164' title='bbox 530 1498 678 1557; x_wconf 67' lang='lat' dir='ltr'>Sandorum,</span> <span class='ocrx_word' id='word_1_165' title='bbox 693 1514 720 1545; x_wconf 85' lang='lat' dir='ltr'>ac</span> <span class='ocrx_word' id='word_1_166' title='bbox 729 1498 882 1559; x_wconf 78' lang='lat' dir='ltr'>indulgentiis,</span> <span class='ocrx_word' id='word_1_167' title='bbox 894 1498 999 1547; x_wconf 85' lang='lat' dir='ltr'>fiduciam</span> 
     </span>
     <span class='ocr_line' id='line_1_22' title="bbox 193 1559 997 1626; baseline 0.001 -17"><span class='ocrx_word' id='word_1_168' title='bbox 193 1570 294 1626; x_wconf 73' lang='lat' dir='ltr'>ponunt,</span> <span class='ocrx_word' id='word_1_169' title='bbox 310 1578 351 1616; x_wconf 86' lang='lat' dir='ltr'>nec</span> <span class='ocrx_word' id='word_1_170' title='bbox 366 1561 450 1610; x_wconf 80' lang='lat' dir='ltr'>nonin</span> <span class='ocrx_word' id='word_1_171' title='bbox 465 1562 557 1610; x_wconf 87' lang='lat' dir='ltr'>nomine</span> <span class='ocrx_word' id='word_1_172' title='bbox 574 1562 692 1619; x_wconf 73' lang='lat' dir='ltr'>Corlrollrl5</span> <span class='ocrx_word' id='word_1_173' title='bbox 714 1559 750 1624; x_wconf 88' lang='lat' dir='ltr'>pii·</span> <span class='ocrx_word' id='word_1_174' title='bbox 763 1572 786 1606; x_wconf 88' lang='lat' dir='ltr'>et</span> <span class='ocrx_word' id='word_1_175' title='bbox 800 1560 864 1624; x_wconf 86' lang='lat' dir='ltr'>probi</span> <span class='ocrx_word' id='word_1_176' title='bbox 880 1561 933 1610; x_wconf 88' lang='lat' dir='ltr'>Viri</span> <span class='ocrx_word' id='word_1_177' title='bbox 948 1561 997 1610; x_wconf 89' lang='lat' dir='ltr'>ossi-</span> 
     </span>
     <span class='ocr_line' id='line_1_23' title="bbox 193 1623 999 1688; baseline 0.001 -17"><span class='ocrx_word' id='word_1_178' title='bbox 193 1625 228 1683; x_wconf 88' lang='lat' dir='ltr'>cia</span> <span class='ocrx_word' id='word_1_179' title='bbox 238 1625 312 1673; x_wconf 90' lang='lat' dir='ltr'>minus</span> <span class='ocrx_word' id='word_1_180' title='bbox 322 1641 386 1674; x_wconf 87' lang='lat' dir='ltr'>curae</span> <span class='ocrx_word' id='word_1_181' title='bbox 401 1625 488 1673; x_wconf 88' lang='lat' dir='ltr'>habent.</span> <span class='ocrx_word' id='word_1_182' title='bbox 522 1625 559 1688; x_wconf 78' lang='lat' dir='ltr'>Ex</span> <span class='ocrx_word' id='word_1_183' title='bbox 568 1623 740 1673; x_wconf 84' lang='lat' dir='ltr'>Protestautibus</span> <span class='ocrx_word' id='word_1_184' title='bbox 753 1624 820 1686; x_wconf 88' lang='lat' dir='ltr'>longe</span> <span class='ocrx_word' id='word_1_185' title='bbox 830 1624 932 1687; x_wconf 79' lang='lat' dir='ltr'>plurimi,</span> <span class='ocrx_word' id='word_1_186' title='bbox 943 1624 999 1672; x_wconf 80' lang='lat' dir='ltr'>Fide</span> 
     </span>
     <span class='ocr_line' id='line_1_24' title="bbox 190 1686 999 1750; baseline -0.002 -13"><span class='ocrx_word' id='word_1_187' title='bbox 190 1687 456 1746; x_wconf 80' lang='lat' dir='ltr'>Ortltodoxaicontenti,</span> <span class='ocrx_word' id='word_1_188' title='bbox 478 1687 575 1736; x_wconf 87' lang='lat' dir='ltr'>Virtutis</span> <span class='ocrx_word' id='word_1_189' title='bbox 595 1686 692 1735; x_wconf 85' lang='lat' dir='ltr'>studium</span> <span class='ocrx_word' id='word_1_190' title='bbox 713 1687 804 1735; x_wconf 86' lang='lat' dir='ltr'>minoris</span> <span class='ocrx_word' id='word_1_191' title='bbox 818 1686 918 1745; x_wconf 82' lang='lat' dir='ltr'>faciuut3</span> <span class='ocrx_word' id='word_1_192' title='bbox 934 1687 999 1750; x_wconf 80' lang='lat' dir='ltr'>saepe</span> 
     </span>
     <span class='ocr_line' id='line_1_25' title="bbox 188 1749 998 1811; baseline -0.002 -11"><span class='ocrx_word' id='word_1_193' title='bbox 188 1763 216 1800; x_wconf 79' lang='lat' dir='ltr'>et</span> <span class='ocrx_word' id='word_1_194' title='bbox 235 1760 374 1811; x_wconf 84' lang='lat' dir='ltr'>metuentes,</span> <span class='ocrx_word' id='word_1_195' title='bbox 390 1767 419 1799; x_wconf 86' lang='lat' dir='ltr'>ne</span> <span class='ocrx_word' id='word_1_196' title='bbox 438 1749 509 1798; x_wconf 90' lang='lat' dir='ltr'>nimio</span> <span class='ocrx_word' id='word_1_197' title='bbox 530 1750 628 1799; x_wconf 84' lang='lat' dir='ltr'>Virtutis</span> <span class='ocrx_word' id='word_1_198' title='bbox 647 1749 723 1798; x_wconf 84' lang='lat' dir='ltr'>studio·</span> <span class='ocrx_word' id='word_1_199' title='bbox 740 1750 822 1798; x_wconf 74' lang='lat' dir='ltr'>&#39;additu</span> <span class='ocrx_word' id='word_1_200' title='bbox 842 1750 998 1798; x_wconf 72' lang='lat' dir='ltr'>adhaerescunt</span> 
     </span>
     <span class='ocr_line' id='line_1_26' title="bbox 191 1812 996 1879; baseline 0.002 -16"><span class='ocrx_word' id='word_1_201' title='bbox 191 1815 220 1863; x_wconf 85' lang='lat' dir='ltr'>ad</span> <span class='ocrx_word' id='word_1_202' title='bbox 235 1813 365 1879; x_wconf 84' lang='lat' dir='ltr'>opinionem</span> <span class='ocrx_word' id='word_1_203' title='bbox 379 1813 453 1862; x_wconf 87' lang='lat' dir='ltr'>meriti</span> <span class='ocrx_word' id='word_1_204' title='bbox 466 1813 576 1876; x_wconf 73' lang='lat' dir='ltr'>propriis</span> <span class='ocrx_word' id='word_1_205' title='bbox 595 1816 687 1863; x_wconf 88' lang='lat' dir='ltr'>Certum</span> <span class='ocrx_word' id='word_1_206' title='bbox 703 1813 748 1875; x_wconf 85' lang='lat' dir='ltr'>est,</span> <span class='ocrx_word' id='word_1_207' title='bbox 760 1812 937 1878; x_wconf 83' lang='lat' dir='ltr'>longemajor-is</span> <span class='ocrx_word' id='word_1_208' title='bbox 946 1815 996 1865; x_wconf 70' lang='lat' dir='ltr'>nerii</span> 
     </span>
     <span class='ocr_line' id='line_1_27' title="bbox 190 1876 910 1943; baseline -0.003 -15"><span class='ocrx_word' id='word_1_209' title='bbox 190 1876 359 1940; x_wconf 71' lang='lat' dir='ltr'>orthodoxiae,</span> <span class='ocrx_word' id='word_1_210' title='bbox 373 1885 439 1943; x_wconf 86' lang='lat' dir='ltr'>quam</span> <span class='ocrx_word' id='word_1_211' title='bbox 454 1878 552 1941; x_wconf 84' lang='lat' dir='ltr'>pietatis,</span> <span class='ocrx_word' id='word_1_212' title='bbox 567 1877 671 1927; x_wconf 86' lang='lat' dir='ltr'>studium.</span> <span class='ocrx_word' id='word_1_213' title='bbox 908 1896 910 1900; x_wconf 91' lang='lat'>·</span> 
     </span>
    </p>

    <p class='ocr_par' dir='ltr' id='par_1_5' title="bbox 187 1939 1023 2512">
     <span class='ocr_line' id='line_1_28' title="bbox 421 1939 1011 2006; baseline 0.003 -16"><span class='ocrx_word' id='word_1_214' title='bbox 421 1943 442 1990; x_wconf 90' lang='lat' dir='ltr'>b.</span> <span class='ocrx_word' id='word_1_215' title='bbox 462 1942 551 2005; x_wconf 82' lang='lat' dir='ltr'>Opera,</span> <span class='ocrx_word' id='word_1_216' title='bbox 568 1958 633 2005; x_wconf 89' lang='lat' dir='ltr'>quam</span> <span class='ocrx_word' id='word_1_217' title='bbox 656 1939 775 1991; x_wconf 84' lang='lat' dir='ltr'>Christiani</span> <span class='ocrx_word' id='word_1_218' title='bbox 794 1942 928 2006; x_wconf 88' lang='lat' dir='ltr'>impendunt</span> <span class='ocrx_word' id='word_1_219' title='bbox 945 1944 1011 1993; x_wconf 72' lang='lat' dir='ltr'>utu·</span> 
     </span>
     <span class='ocr_line' id='line_1_29' title="bbox 192 2005 998 2069; baseline -0.001 -14"><span class='ocrx_word' id='word_1_220' title='bbox 192 2006 234 2055; x_wconf 64' lang='lat' dir='ltr'>vciis</span> <span class='ocrx_word' id='word_1_221' title='bbox 249 2005 337 2069; x_wconf 83' lang='lat' dir='ltr'>pietatis</span> <span class='ocrx_word' id='word_1_222' title='bbox 351 2005 490 2064; x_wconf 77' lang='lat' dir='ltr'>exercendis,</span> <span class='ocrx_word' id='word_1_223' title='bbox 503 2006 546 2054; x_wconf 75' lang='lat' dir='ltr'>net</span> <span class='ocrx_word' id='word_1_224' title='bbox 559 2006 669 2055; x_wconf 73' lang='lat' dir='ltr'>nullanel</span> <span class='ocrx_word' id='word_1_225' title='bbox 682 2005 762 2053; x_wconf 84' lang='lat' dir='ltr'>debilis</span> <span class='ocrx_word' id='word_1_226' title='bbox 777 2006 841 2054; x_wconf 85' lang='lat' dir='ltr'>ualde</span> <span class='ocrx_word' id='word_1_227' title='bbox 856 2005 900 2054; x_wconf 84' lang='lat' dir='ltr'>est:</span> <span class='ocrx_word' id='word_1_228' title='bbox 918 2006 998 2054; x_wconf 85' lang='lat' dir='ltr'>habere</span> 
     </span>
     <span class='ocr_line' id='line_1_30' title="bbox 190 2067 1000 2135; baseline 0.002 -18"><span class='ocrx_word' id='word_1_229' title='bbox 190 2069 335 2129; x_wconf 53' lang='lat' dir='ltr'>,sotenrqmfi</span> <span class='ocrx_word' id='word_1_230' title='bbox 345 2085 448 2130; x_wconf 59' lang='grc' dir='ltr'>παρεργονς</span> <span class='ocrx_word' id='word_1_231' title='bbox 464 2068 567 2117; x_wconf 63' lang='lat' dir='ltr'>doctrina</span> <span class='ocrx_word' id='word_1_232' title='bbox 577 2069 700 2118; x_wconf 86' lang='lat' dir='ltr'>theoretica</span> <span class='ocrx_word' id='word_1_233' title='bbox 714 2067 883 2118; x_wconf 72' lang='lat' dir='ltr'>eontenti&#39;sunt.</span> <span class='ocrx_word' id='word_1_234' title='bbox 901 2083 902 2086; x_wconf 73' lang='grc'>’</span> <span class='ocrx_word' id='word_1_235' title='bbox 917 2071 947 2118; x_wconf 86' lang='lat' dir='ltr'>Et</span> <span class='ocrx_word' id='word_1_236' title='bbox 962 2072 1000 2135; x_wconf 86' lang='lat' dir='ltr'>qui</span> 
     </span>
     <span class='ocr_line' id='line_1_31' title="bbox 195 2129 998 2195; baseline 0.001 -13"><span class='ocrx_word' id='word_1_237' title='bbox 195 2132 269 2182; x_wconf 81' lang='lat' dir='ltr'>adhuc</span> <span class='ocrx_word' id='word_1_238' title='bbox 282 2130 305 2177; x_wconf 91' lang='lat' dir='ltr'>id</span> <span class='ocrx_word' id='word_1_239' title='bbox 320 2130 417 2177; x_wconf 88' lang='lat' dir='ltr'>studium</span> <span class='ocrx_word' id='word_1_240' title='bbox 432 2131 538 2187; x_wconf 68' lang='lat' dir='ltr'>tradant,</span> <span class='ocrx_word' id='word_1_241' title='bbox 560 2133 674 2181; x_wconf 81' lang='lat' dir='ltr'>versantur</span> <span class='ocrx_word' id='word_1_242' title='bbox 694 2134 762 2195; x_wconf 87' lang='lat' dir='ltr'>magis</span> <span class='ocrx_word' id='word_1_243' title='bbox 778 2132 801 2181; x_wconf 86' lang='lat' dir='ltr'>in</span> <span class='ocrx_word' id='word_1_244' title='bbox 812 2131 943 2182; x_wconf 20' lang='lat' dir='ltr'>,denotionis</span> <span class='ocrx_word' id='word_1_245' title='bbox 959 2129 998 2183; x_wconf 85' lang='lat' dir='ltr'>ex·</span> 
     </span>
     <span class='ocr_line' id='line_1_32' title="bbox 187 2191 999 2256; baseline -0.004 -11"><span class='ocrx_word' id='word_1_246' title='bbox 187 2194 272 2251; x_wconf 75' lang='lat' dir='ltr'>eremo</span> <span class='ocrx_word' id='word_1_247' title='bbox 283 2230 290 2252; x_wconf 95' lang='lat'>,</span> <span class='ocrx_word' id='word_1_248' title='bbox 301 2206 378 2256; x_wconf 68' lang='lat' dir='ltr'>*quant</span> <span class='ocrx_word' id='word_1_249' title='bbox 405 2191 493 2240; x_wconf 88' lang='lat' dir='ltr'>virtutis</span> <span class='ocrx_word' id='word_1_250' title='bbox 513 2193 598 2248; x_wconf 88' lang='lat' dir='ltr'>officiis.</span> <span class='ocrx_word' id='word_1_251' title='bbox 617 2200 618 2203; x_wconf 78' lang='grc'>’</span> <span class='ocrx_word' id='word_1_252' title='bbox 631 2197 745 2242; x_wconf 82' lang='lat' dir='ltr'>Praeterea</span> <span class='ocrx_word' id='word_1_253' title='bbox 759 2196 876 2252; x_wconf 71' lang='lat' dir='ltr'>:mediatad</span> <span class='ocrx_word' id='word_1_254' title='bbox 891 2197 999 2245; x_wconf 86' lang='lat' dir='ltr'>Pietatem</span> 
     </span>
     <span class='ocr_line' id='line_1_33' title="bbox 191 2254 998 2318; baseline -0.001 -11"><span class='ocrx_word' id='word_1_255' title='bbox 191 2257 343 2318; x_wconf 84' lang='lat' dir='ltr'>exercendam</span> <span class='ocrx_word' id='word_1_256' title='bbox 364 2267 387 2303; x_wconf 91' lang='lat' dir='ltr'>et</span> <span class='ocrx_word' id='word_1_257' title='bbox 407 2254 554 2304; x_wconf 66' lang='lat' dir='ltr'>Sanditatem-</span> <span class='ocrx_word' id='word_1_258' title='bbox 568 2255 746 2317; x_wconf 87' lang='lat' dir='ltr'>promovendam</span> <span class='ocrx_word' id='word_1_259' title='bbox 757 2257 874 2316; x_wconf 82' lang='lat' dir='ltr'>ducentia,</span> <span class='ocrx_word' id='word_1_260' title='bbox 890 2257 945 2305; x_wconf 76' lang='lat' dir='ltr'>stab</span> <span class='ocrx_word' id='word_1_261' title='bbox 961 2273 998 2306; x_wconf 84' lang='lat' dir='ltr'>ex-</span> 
     </span>
     <span class='ocr_line' id='line_1_34' title="bbox 196 2318 995 2385; baseline -0.003 -16"><span class='ocrx_word' id='word_1_262' title='bbox 196 2322 264 2371; x_wconf 87' lang='lat' dir='ltr'>tcrnis</span> <span class='ocrx_word' id='word_1_263' title='bbox 278 2318 403 2383; x_wconf 82' lang='lat' dir='ltr'>Religionis</span> <span class='ocrx_word' id='word_1_264' title='bbox 417 2318 529 2373; x_wconf 83' lang='lat' dir='ltr'>exercitiis</span> <span class='ocrx_word' id='word_1_265' title='bbox 544 2318 656 2378; x_wconf 83' lang='lat' dir='ltr'>discedas,</span> <span class='ocrx_word' id='word_1_266' title='bbox 678 2318 716 2367; x_wconf 86' lang='lat' dir='ltr'>vix</span> <span class='ocrx_word' id='word_1_267' title='bbox 735 2331 787 2367; x_wconf 85' lang='lat' dir='ltr'>nota</span> <span class='ocrx_word' id='word_1_268' title='bbox 802 2319 852 2367; x_wconf 80' lang='lat' dir='ltr'>sunt</span> <span class='ocrx_word' id='word_1_269' title='bbox 867 2333 905 2367; x_wconf 88' lang='lat' dir='ltr'>aut</span> <span class='ocrx_word' id='word_1_270' title='bbox 919 2336 995 2385; x_wconf 72' lang='lat' dir='ltr'>recep</span> 
     </span>
     <span class='ocr_line' id='line_1_35' title="bbox 197 2380 995 2448; baseline -0.001 -16"><span class='ocrx_word' id='word_1_271' title='bbox 197 2399 234 2442; x_wconf 85' lang='lat' dir='ltr'>ta;</span> <span class='ocrx_word' id='word_1_272' title='bbox 250 2398 302 2431; x_wconf 87' lang='lat' dir='ltr'>cum</span> <span class='ocrx_word' id='word_1_273' title='bbox 317 2399 362 2432; x_wconf 92' lang='lat' dir='ltr'>nou</span> <span class='ocrx_word' id='word_1_274' title='bbox 377 2396 480 2447; x_wconf 82' lang='lat' dir='ltr'>agentes,</span> <span class='ocrx_word' id='word_1_275' title='bbox 492 2383 530 2431; x_wconf 89' lang='lat' dir='ltr'>sed</span> <span class='ocrx_word' id='word_1_276' title='bbox 545 2382 654 2445; x_wconf 85' lang='lat' dir='ltr'>patientes</span> <span class='ocrx_word' id='word_1_277' title='bbox 668 2380 739 2435; x_wconf 71' lang='lat' dir='ltr'>tanen</span> <span class='ocrx_word' id='word_1_278' title='bbox 754 2381 804 2430; x_wconf 87' lang='lat' dir='ltr'>fieri</span> <span class='ocrx_word' id='word_1_279' title='bbox 819 2382 902 2442; x_wconf 61' lang='lat' dir='ltr'>uelint,</span> <span class='ocrx_word' id='word_1_280' title='bbox 920 2396 942 2431; x_wconf 86' lang='lat' dir='ltr'>et</span> <span class='ocrx_word' id='word_1_281' title='bbox 957 2384 995 2448; x_wconf 82' lang='lat' dir='ltr'>qui</span> 
     </span>
     <span class='ocr_line' id='line_1_36' title="bbox 192 2445 1023 2512; baseline -0.004 -13"><span class='ocrx_word' id='word_1_282' title='bbox 192 2445 331 2506; x_wconf 63' lang='lat' dir='ltr'>lereriorem</span> <span class='ocrx_word' id='word_1_283' title='bbox 345 2446 402 2497; x_wconf 82' lang='lat' dir='ltr'>illam</span> <span class='ocrx_word' id='word_1_284' title='bbox 415 2449 523 2511; x_wconf 85' lang='lat' dir='ltr'>pietatem</span> <span class='ocrx_word' id='word_1_285' title='bbox 538 2445 618 2496; x_wconf 71' lang='lat' dir='ltr'>sartari</span> <span class='ocrx_word' id='word_1_286' title='bbox 632 2446 760 2509; x_wconf 75' lang='lat' dir='ltr'>videntur,</span> <span class='ocrx_word' id='word_1_287' title='bbox 770 2445 946 2497; x_wconf 85' lang='lat' dir='ltr'>Meditationum</span> <span class='ocrx_word' id='word_1_288' title='bbox 961 2450 992 2505; x_wconf 83' lang='lat' dir='ltr'>sa·</span> <span class='ocrx_word' id='word_1_289' title='bbox 1019 2455 1023 2512; x_wconf 75' lang='lat' dir='ltr'><em>J</em></span> 
     </span>
    </p>

    <p class='ocr_par' dir='ltr' id='par_1_6' title="bbox 808 2524 997 2562">
     <span class='ocr_line' id='line_1_37' title="bbox 808 2524 997 2562; baseline -0.011 0"><span class='ocrx_word' id='word_1_290' title='bbox 808 2524 810 2529; x_wconf 70' lang='grc'><strong>“</strong></span> <span class='ocrx_word' id='word_1_291' title='bbox 910 2526 997 2562; x_wconf 80' lang='lat' dir='ltr'>crartun</span> 
     </span>
    </p>
   </div>
   <div class='ocr_carea' id='block_1_3' title="bbox 0 0 1101 2960">
    <p class='ocr_par' dir='ltr' id='par_1_7' title="bbox 0 0 1101 2960">
     <span class='ocr_line' id='line_1_38' title="bbox 0 0 1101 2960; baseline 0 0"><span class='ocrx_word' id='word_1_292' title='bbox 0 0 1101 2960; x_wconf 95' lang='lat' dir='ltr'> </span> 
     </span>
    </p>
   </div>
  </div>
 </body>
</html>
