2173 2960
125 180 127 183 ⁴
163 199 198 251 De
208 200 318 259 Pericula,
333 191 436 257 Ecclefiir
446 189 612 257 Praestare-timu
623 192 759 257 nPapistao,
772 191 819 249 &a
854 205 901 255 ror

128 358 149 424 ᾗ.
166 356 252 406 XXXI.
323 352 413 399 Foedera
433 365 488 399 vero
509 349 525 397 sr
545 350 593 411 quis
613 346 666 396 mihi
683 361 796 411 opponat,
818 348 898 413 quibus

95 424 174 482 partim
187 421 272 467 libertas
288 413 399 478 religionis
413 413 436 462 in
454 415 574 462 Germania
590 411 622 457 est
637 411 733 469 sancita,
749 412 829 475 partim
845 427 897 461 tum

95 483 229 540 PontificiiS,
250 481 296 528 stre
316 478 415 540 regibus,
436 477 482 525 stre
503 474 654 537 Principibus,
675 475 790 538 coujtmsli
809 476 896 535 sumns3

93 546 112 595 is
123 549 149 595 ad
160 559 260 593 mentem
276 542 369 598 reserat,
387 540 455 588 velim
475 555 494 587 1.
512 537 629 599 Ejusmodi
643 538 760 587 foederum
776 554 817 602 pro
833 540 896 587 liber·

93 624 139 658 tate
156 607 267 671 religionis
283 603 438 665 multiplicium
455 602 501 649 sire
516 601 626 663 publicam
641 614 663 647 et
678 603 830 662 manifestam,
852 603 897 651 five

94 675 206 721 occultam
218 668 372 725 violationem,
388 667 411 713 in
423 664 505 724 Gallia,
516 664 675 722 Perlemontio,
688 664 819 724 Germania,
832 666 898 714 Hun-

94 738 153 797 garia
168 746 190 779 et
204 732 307 791 Polonia,
324 746 351 778 ne
365 729 458 777 aliorum
478 729 675 784 foederatam
696 726 762 776 facile
776 728 899 778 fraslornm

95 814 162 860 quam
178 795 300 853 saelorum,
312 793 450 841 mentionem
466 792 553 841 sariam
589 791 649 858 Quid
664 791 759 840 sanslins
773 809 799 840 ae
815 794 901 842 firmius

96 861 150 920 suit,
167 875 201 907 er.
218 874 251 923 gr.
269 857 341 906 edisio
358 856 495 905 Nanuetensr
509 867 631 919 perpetuae
649 854 817 904 observantiae?
834 870 857 905 et
872 857 902 905 il-.

96 925 133 974 lud
150 936 223 971 tamen
239 922 313 984 primo
328 921 478 979 infirmatum,
496 918 546 967 dein
563 918 650 983 publice
665 918 697 966 est
712 920 825 971 abolitum.
860 923 898 971 Sea

98 991 179 1037 territas
195 985 337 1050 diffideuriunt
352 988 374 1032 iu
390 986 489 1042 Palania,
516 982 593 1030 dieunt
614 981 657 1044 lpsr
677 983 698 1030 in
719 982 804 1044 libello,
822 984 857 1049 (a)
874 987 899 1034 in

96 1049 198 1099 Comitiis
217 1066 236 1097 a.
261 1054 330 1110 171&
352 1048 438 1105 oblato,
460 1057 490 1093 tor
504 1047 742 1108 Regulamaatrarts,
763 1059 794 1095 rot
810 1051 897 1112 legibus

92 1116 187 1179 puhlicis
198 1113 304 1174 firruata,
319 1114 410 1170 pariantur
425 1111 572 1164 restauratio,
589 1119 609 1154 et
622 1109 733 1171 proutrffae
748 1115 899 1162 errrrrrdutinnir

97 1179 165 1225 nitria
180 1175 293 1231 dilatione,
310 1175 387 1220 luxata
402 1170 446 1234 esl,
463 1173 512 1218 debr
526 1172 635 1217 libertatis
651 1173 790 1235 rrstrt'str'nrre,
806 1180 898 1226 titurium

95 1239 143 1304 pasl
158 1239 313 1299 ordinatior-reru
330 1234 441 1296 Custuu‘ri,
456 1250 476 1283 a.
495 1239 565 1286 1668.
582 1235 697 1283 violentior
710 1238 818 1301 perefflua,
839 1243 899 1290 deni„

97 1320 135 1367 qne
150 1300 278 1364 infestentur
292 1302 360 1361 legunt.
370 1299 479 1362 sarrslt‘rur
495 1297 599 1361 convulso.
635 1312 657 1346 2.
673 1300 844 1353 Protestationes
858 1307 900 1354 Pa-

95 1380 175 1431 parnm
191 1376 267 1411 contra
281 1364 331 1410 talia
344 1362 422 1426 pacta,
438 1361 625 1426 quemadmodum
644 1376 681 1411 ex.
701 1378 734 1426 gr.
754 1370 805 1427 pari
827 1368 901 1432 Weft.

93 1430 205 1493 pirulam,
221 1426 258 1475 seu
273 1424 576 1491 Monesierio-Osualrugeufi
592 1441 611 1473 a.
630 1430 699 1486 1648.
717 1427 753 1477 cui
769 1429 904 1483 Germaniae

96 1493 183 1541 libertas
193 1491 258 1538 unice
269 1490 316 1537 sere
331 1490 447 1547 innititur,
461 1489 506 1537 sese
521 1490 666 1537 vehementer
687 1502 710 1537 et
725 1490 844 1542 insolenter
860 1512 902 1559 op-

18 1576 20 1582 ·
96 1553 170 1620 posuit
184 1556 301 1601 Innocent.
323 1554 352 1601 X.
374 1552 457 1600 famosa
476 1552 513 1599 illa
530 1552 589 1600 edita
604 1554 682 1612 Bulla,
705 1569 772 1617 quam
791 1558 904 1608 recensuit

88 1630 120 1667 'et
135 1617 213 1665 acriter
227 1615 356 1679 perstrinxit
370 1631 399 1665 ex
413 1614 552 1664 Reformatis
572 1617 605 1665 Cl.
628 1617 804 1668 Hootubeelrius
823 1620 848 1670 in
863 1638 903 1686 pe=

98 1680 174 1730 colia-ri
185 1681 247 1729 libro.
283 1697 304 1742 3.
320 1678 430 1742 Principia
446 1679 541 1743 denique
551 1678 672 1743 Papistica,
688 1697 735 1730 caru
750 1682 778 1730 de
790 1684 846 1746 jutis
856 1702 904 1735 ces,-¹

30 1758 32 1761 ·
99 1744 195 1802 satione,
211 1744 249 1791 ubi
260 1744 322 1791 causa
333 1742 446 1806 religionis
456 1742 541 1806 agitur,
556 1743 595 1792 seu
604 1744 699 1804 haeresi,
715 1762 806 1793 omnem
818 1764 903 1800 nexum

97 1808 218 1857 naturalem
234 1818 255 1853 et
271 1806 362 1855 civilem
383 1806 488 1866 tollente,
504 1818 549 1854 taur
565 1807 593 1854 de
624 1808 716 1856 otestate
726 1809 796 1871 Papae
807 1812 834 1858 ab
850 1828 901 1862 om·

98 1866 121 1920 ni
137 1869 234 1918 solvendi
254 1871 400 1933 obligatione,
421 1880 466 1919 turn
486 1869 583 1933 deniqne
602 1824 630 1918 <le
644 1871 691 1934 fide
716 1871 833 1922 haereticis
854 1892 901 1927 non

99 1931 240 1999 praestanda:
258 1932 312 1980 ficut
327 1932 351 1980 in
366 1932 462 1981 concilio
479 1933 645 1982 Constantiense
660 1936 710 1982 Sec.
722 1935 776 1985 XV.
788 1937 846 1987 haud
862 1942 903 1990 ob⁰

96 1998 159 2047 sente
174 1994 292 2043 definitum
308 1995 352 2054 est,
373 1995 469 2059 Hispani
488 1997 569 2060 absque
589 1997 631 2045 ulla
651 1998 820 2049 dissimulatione
840 2004 900 2053 adse=

99 2072 157 2109 runt.
191 2060 241 2106 lmo
255 2059 300 2120 jam
316 2058 401 2106 dodum
416 2068 484 2106 antea
495 2058 568 2122 riguit
582 2060 606 2109 in
621 2061 719 2110 Ecclesra
734 2063 842 2127 Papistiea
853 2069 904 2116 An-

99 2121 235 2172 tielrristiana
250 2120 357 2169 horribilis
372 2121 407 2170 illa
423 2121 533 2171 dostrina:
555 2123 584 2171 de
604 2140 649 2188 quo
670 2140 699 2173 ert
714 2126 842 2176 Innocentii
859 2132 903 2182 ΙΠ.

100 2186 213 2242 facinore,
230 2200 274 2246 quo
289 2185 430 2246 Raymtmeli,
446 2183 600 2249 Albigensrum
615 2187 721 2245 fautoris,
737 2188 833 2237 subditos
840 2193 905 2253 fida

48 2255 49 2259 ’
100 2254 163 2299 lituro
178 2247 286 2304 absolvit,
307 2248 507 2305 abunde-constan
523 2249 577 2294 baec
598 2247 658 2296 eninr
678 2251 742 2295 datur
761 2251 830 2311 rati03
852 2259 904 2317 prtia

99 2319 168 2377 jeram
183 2314 207 2359 S.
218 2312 309 2359 Parrum
324 2314 435 2358 currnrtltur
446 2311 565 2375 surrlliours
580 2314 611 2370 ei,
629 2313 663 2372 pus
673 2311 740 2374 firlrur
754 2312 800 2364 Da·
809 2320 903 2383 norrser.

102 2387 152 2434 rat,
163 2376 219 2439 fitler
230 2373 337 2436 serrendo
352 2391 391 2421 unu
402 2373 447 2434 fir:
464 2390 520 2438 qnae
535 2375 601 2423 verba
620 2374 670 2422 sunt
690 2375 749 2423 Petri
766 2377 836 2430 Vallis
852 2385 906 2434 Cer·

30 2446 32 2450 ’
102 2436 138 2483 nai
152 2440 176 2487 in
194 2437 253 2485 Hist.
270 2434 428 2496 Albigeusrum.
451 2438 534 2487 Hostus
550 2436 596 2501 ipse
612 2435 648 2502 (b)
669 2437 789 2489 Cardinalis
808 2444 907 2498 hortatus

129 2570 163 2626 (a)
179 2571 232 2616 Bibl.
248 2573 317 2621 Bremn
333 2577 360 2622 cle
378 2576 436 2623 lllll.
450 2590 471 2634 p.
487 2502 551 2635 εἰ]
568 2537 581 2548 u
592 2577 628 2635 (b)
640 2577 710 2635 Epist·
722 2591 769 2639 193,
781 2595 831 2637 202,
843 2512 908 2630 emili
