2173 2960
429 199 529 246 Periudur
543 197 593 245 HI.
877 213 922 260 151

115 322 204 380 Setiae,
217 331 239 366 et
255 322 419 380 Imperatorum
434 333 459 363 ac
476 315 605 380 Principum
622 314 689 378 partis
711 315 825 378 homines,
853 319 921 368 Guel-

112 385 146 432 sos
162 398 183 432 et
200 382 340 437 Gibellinos;
367 379 547 441 quiliorribilem
564 379 721 427 consutionem
740 379 763 428 in
781 384 833 430 orbe
849 385 918 432 Rom.

111 450 276 512 produxerunt,
293 456 315 490 et
331 457 371 505 pet
386 441 524 488 omniafere
540 442 604 504 liujus
615 442 702 490 Periorli
714 444 792 491 Secula
808 446 917 496 durarunt.

112 517 150 562 arlo
167 510 241 574 Regni
253 511 379 561 Turturum
395 518 468 561 ortus,
485 517 507 551 et
517 521 558 566 per
569 517 642 552 totum
654 506 771 554 Orientem
781 509 919 572 propagatio.

112 570 155 639 3tio
172 571 333 635 Expeditiones
350 566 516 625 Cruciaturum,
539 584 595 632 quae
610 568 665 616 sicut
675 570 701 617 ad
717 570 874 634 Religionem,
890 571 922 622 ita

109 654 133 689 et
152 636 267 685 Politicain
288 633 414 697 spectarunt
440 631 567 681 Civitatem.
611 643 648 690 tto
675 634 751 696 Regni
784 635 919 684 Christiano-

110 718 160 749 rum
176 701 198 746 in
216 698 312 747 Oriente
332 696 434 744 interitus
454 712 495 759 per
512 696 600 744 Turcas
617 698 665 745 Sec.
683 697 732 746 XV
747 699 865 764 postquam
876 701 920 747 Ec·

109 763 176 827 lipsm
196 761 250 809 esset
270 761 356 824 passum
371 776 411 823 per
430 756 539 819 Latinos,
561 758 600 825 qui
616 759 823 827 Constantinopolin
851 770 920 811 occu·

110 839 201 892 punnt,
216 825 291 888 ibique
307 822 440 889 aliquamdiu
455 836 585 887 regnarunt.
620 835 656 882 5t0
666 826 728 873 luter
744 828 810 876 Casus
821 827 920 892 Judicia·
990 867 991 871 ,

108 894 140 941 les
165 889 268 954 inprimis
289 887 511 936 commemorandum
532 887 565 934 est
580 887 695 950 Judiciurn
709 891 813 940 terribilis
832 892 919 954 Pestis,

110 953 205 1020 quaein
224 952 295 1001 Cbina
314 951 413 1015 incepit3
434 963 457 997 et
472 967 514 1014 per
530 951 620 1009 Asiam,
641 953 754 1017 Europam
774 959 799 1004 ac
814 956 918 1005 Africam

109 1014 230 1084 peruagata
246 1016 295 1074 esta
308 1031 408 1079 quaeque
425 1017 513 1076 quiante
525 1014 616 1062 Menses
631 1017 753 1080 praecipuis
768 1019 790 1066 in
807 1020 862 1068 locis
872 1021 918 1068 sae»

109 1082 165 1141 uiit;
181 1082 268 1145 qualem
283 1078 372 1127 Pellem
389 1078 455 1126 Orbis
471 1089 518 1125 non
534 1077 592 1126 uidit
606 1095 648 1127 nec
663 1094 727 1139 ante,
748 1097 790 1130 nec
807 1084 858 1146 post
873 1083 918 1131 huc

108 1143 184 1210 usque.
218 1143 273 1193 Vid.
286 1142 432 1199 Mezeraeus‚
449 1140 487 1189 sed
496 1141 566 1191 fusius
577 1143 697 1205 explicavit
707 1145 845 1209 Dequignes!
854 1143 917 1199 Fros.

110 1212 158 1258 LL.
176 1208 229 1256 00.
246 1206 311 1255 Paris
328 1205 351 1253 in
366 1205 525 1254 accuratissima
541 1205 641 1254 Historia
657 1209 795 1258 Hunnorum
817 1211 848 1259 T.
870 1212 915 1262 IV.

109 1272 136 1322 L.
153 1272 216 1320 XXI.
233 1270 259 1318 ad
275 1288 294 1319 a.
313 1285 381 1332 1347.
398 1282 563 1335 quoternpore
576 1269 675 1319 maxime
689 1272 772 1322 saeviit.
911 1303 913 1307 s

143 1336 163 1401 q.
181 1334 313 1384 CXXVIII.
340 1333 445 1399 Sequitur
460 1333 594 1396 Prophetica
606 1334 719 1384 tanslatio:
736 1339 773 1385 ubi
788 1339 862 1402 primo
877 1338 916 1389 Li-

107 1403 147 1449 ber·
162 1400 285 1462 Sigillorum
300 1397 451 1460 inspiciendus
467 1396 513 1457 est,
530 1399 690 1459 cujusthuni
706 1399 808 1464 Sigillum
823 1403 845 1450 in
862 1404 917 1451 See-

108 1480 160 1513 nam
171 1463 275 1526 produxit
285 1477 368 1526 equum
378 1459 496 1525 pallidum,
513 1462 550 1510 cui
560 1463 627 1510 Mors
636 1461 758 1525 insidebat,
774 1465 825 1529 post
841 1466 863 1514 se
878 1468 919 1520 has

107 1530 160 1576 bens
175 1526 303 1583 infernum3
319 1525 358 1573 seu
372 1523 458 1573 vastam
473 1524 568 1588 aliquam
584 1538 607 1573 et
627 1538 707 1582 tetram
725 1530 857 1593 voraginem
872 1544 917 1579 ter-

107 1607 156 1650 rae,
172 1606 228 1654 qnae
242 1602 343 1637 mortuos
358 1588 486 1651 recipiebar.
526 1590 588 1637 Huic
602 1591 678 1653 Equiti
693 1592 790 1655 potestas
805 1593 838 1643 est
853 1594 916 1656 data,

105 1667 206 1717 quartam
222 1666 292 1712 terrae
306 1664 393 1714 partem
409 1652 527 1700 occidendi
541 1653 632 1716 gladio,
643 1655 704 1703 fame
720 1669 743 1704 et
758 1658 832 1721 peste,
851 1658 912 1722 (eam

107 1718 169 1765 enim
190 1734 236 1766 vox
256 1720 343 1772 Seium
362 1716 393 1763 ibi
414 1715 525 1778 designat)
547 1733 573 1763 ac
594 1733 634 1778 per
653 1719 712 1766 feras
732 1732 810 1770 terrae,
846 1723 914 1788 Quod

106 1779 223 1836 Emblema
232 1779 335 1842 expingit
345 1778 464 1825 terribilem
480 1789 502 1823 et
512 1780 651 1839 tyrannicum
667 1782 762 1844 aliquem
772 1785 913 1846 Dominum,

106 1843 157 1907 qni,
174 1842 283 1904 potestate
304 1843 363 1888 vitae
379 1853 401 1887 et
417 1839 477 1886 necis
493 1838 533 1887 fibi
548 1856 590 1903 pro
604 1842 695 1891 arbitrio
711 1847 834 1895 exercenda
849 1865 911 1897 arro-

105 1919 168 1969 gata,
184 1905 295 1962 efficeret,
311 1916 335 1951 ut
346 1919 385 1967 per
395 1902 483 1951 tertiam
495 1904 580 1952 Terrae
594 1917 681 1966 partem
691 1907 837 1970 grassarentur
852 1912 915 1962 mille

104 1970 208 2028 Mortes,
224 1967 368 2032 hominesque
383 1966 469 2030 gladie,
486 1966 558 2028 same,
579 1968 653 2029 peste,
669 1983 692 2017 et
706 1987 747 2033 per
761 1974 819 2022 seras
834 1976 913 2027 bestias

104 2033 278 2082 absumerentur.
311 2032 349 2079 Ad
360 2033 408 2094 ejus
423 2030 558 2080 intellestum
574 2032 677 2081 sufficere
688 2033 793 2097 possunt,
809 2054 866 2102 quae
878 2042 912 2092 Cl.

106 2096 213 2161 Vitringa
222 2097 313 2144 attulit
335 2096 403 2143 Addo
414 2107 513 2152 taurian,
529 2111 575 2144 non
587 2098 645 2144 male
659 2099 755 2159 gladium
775 2118 864 2166 quoque
880 2121 914 2153 re-

105 2161 159 2211 serri
180 2157 208 2208 ad
224 2161 319 2222 SuplIcia
335 2159 434 2219 capitalia
451 2175 463 2205 a
483 2159 622 2222 'Magistratu
643 2159 784 2225 infligenda;
800 2165 867 2228 ferus
886 2170 915 2219 ad

105 2225 200 2290 Populos
215 2225 333 2280 Barbaros3
344 2223 432 2285 farsura
448 2234 470 2268 et
482 2223 563 2288 pestem
574 2223 600 2270 ad
612 2223 755 2287 vallationes,
768 2228 794 2277 ad
805 2230 912 2292 prinatioss

106 2290 143 2337 nes
159 2291 287 2348 Bonorum,
304 2288 333 2335 ad
345 2286 530 2337 incarcerationes
545 2300 568 2335 et
583 2301 657 2336 earum
673 2290 747 2348 Mala,
764 2293 790 2340 ad
806 2291 913 2346 exclusio-

106 2368 143 2400 nes
154 2354 180 2399 ab
191 2353 252 2400 omni
263 2351 379 2400 hominum
392 2350 518 2413 consortio,
533 2350 600 2399 instar
610 2350 710 2411 Pellium
723 2353 816 2406 Terrae.
839 2357 912 2426 Qiae.

104 2415 158 2475 ritur
172 2416 232 2477 jam,
248 2433 293 2479 quo
309 2417 417 2478 pertineat
432 2415 566 2463 Emblema?
582 2416 613 2464 Cl.
627 2413 746 2478 Vituriga,
757 2421 794 2484 qui
806 2422 868 2471 redte
877 2441 912 2473 re.

105 2473 161 2537 sutat
177 2492 227 2536 eos,
249 2479 288 2541 qui
304 2481 332 2528 de
347 2482 429 2528 Morte·
437 2478 542 2542 spirituali
557 2494 596 2541 per
611 2478 773 2532 Antichristrua
788 2485 910 2537 inducenda

472 2589 475 2590 γ
498 2541 521 2590 Τ
535 2557 552 2601 4
798 2549 910 2615 cogitant,
