2173 2960
339 149 348 153 -
440 152 544 229 Periodnr
559 158 602 228 JV
612 184 634 225 et
651 163 698 228 VJ
941 185 976 236 25'

151 299 248 353 Badium
265 295 367 365 p‘e'r'illas
384 298 514 364 Prophetias
531 298 710 363 depingeretur,
724 310 775 346 cunr
792 297 875 363 partim
890 296 913 345 in
925 295 969 343 Ec-

151 369 216 418 clesia
241 362 399 423 Maccabaiea,
430 365 512 427 partim
539 362 683 428 Apostolica,
709 362 904 426 complementum
920 361 979 421 ulti-¹

153 450 217 484 mum
233 431 367 482 conlecutae
384 430 440 478 sint:
458 445 486 478 ne
497 430 544 493 quis
555 429 591 477 hic
601 429 704 487 haereat,
721 427 898 488 observandum,
915 428 969 475 Pro-

152 499 231 566 phetas
247 510 300 545 eum
317 496 405 543 Statum
421 495 544 543 Reducunt
560 508 666 558 tanquam
682 506 775 553 tenuem
791 506 814 542 et
824 494 897 542 minus
909 508 970 557 pros-

153 579 236 629 perum
256 559 391 625 depingere,
419 559 530 625 Populum
557 575 647 625 quoque
668 560 714 607 cito
735 557 757 608 in
779 571 899 624 corruptos
921 573 970 605 mo·

155 643 190 677 res
206 624 348 690 delapsarum
376 623 438 685 eise,
461 625 612 690 praediritl'e:
640 625 700 673 unde
722 624 832 688 genuinus
848 624 971 674 Reducum

155 691 289 756 marspedtus
315 690 355 739 sub
382 690 423 738 liae
441 691 546 754 Per'icopa
566 691 589 739 in
606 690 656 737 luce
672 689 801 740 collocatur.
835 692 885 741 -sic
901 687 970 737 Zuch.

64 778 65 781 ¹
100 775 101 778 ’
156 760 175 808 1:
199 763 220 810 8.
260 755 358 804 Ecclesrn
380 756 502 804 Reducum
529 754 779 819 aliimilaturrnprtueo
807 757 829 804 in
854 754 974 819 prassinam

157 825 212 886 Cap.
229 823 274 871 IV:
294 837 331 870 10.
353 823 398 869 dier
417 834 532 885 porrorum
554 832 723 879 memorantur;
753 821 843 883 Tempus
861 817 976 883 arrgrrsir'or

156 890 217 939 Dan.
235 885 279 936 IX:
297 901 336 947 25.
353 902 398 951 quo
419 888 471 934 urbs
491 886 684 935 reaedificaretur:
701 885 764 934 Hinc
780 887 888 949 Regnum
904 884 975 934 Perst-

157 968 210 1002 cum
236 951 302 1002 venit
328 951 369 1000 sub
394 951 491 1015 imagine
507 953 605 1012 ,ridentis
627 952 758 1014 applnnondi
779 951 848 1000 Zaclt.
876 951 922 1001 IV:
951 965 976 1012 7,

157 1020 188 1068 Et
209 1017 267 1067 inter
290 1018 373 1076 Cornan
400 1019 521 1064 on'etanrr'u
547 1029 624 1066 contra
640 1016 739 1081 Judaeos
768 1015 894 1076 referendi,
926 1027 977 1064 tum

99 1130 101 1133 .
156 1082 274 1148 Babylonii
294 1081 422 1129 minitantes
437 1081 504 1146 seque
525 1082 656 1146 erigentes,
682 1094 734 1130 tum
752 1081 823 1130 vicini
835 1081 915 1145 Populi
930 1081 978 1129 Re-

156 1164 212 1213 gum
233 1146 320 1197 Perfiae
340 1145 541 1211 Edidiislarmati,
568 1147 638 1196 Zach.
661 1147 690 1197 il.
713 1159 736 1195 et
757 1147 810 1195 hinc
831 1163 894 1209 equas
907 1148 979 1209 niger

144 1214 287 1278 :adjungitur
309 1212 383 1270 currui
398 1212 488 1261 Persico
504 1228 518 1260 a
533 1212 639 1261 Zacharia
655 1212 704 1262 viso
721 1214 776 1276 Cap.
799 1212 845 1261 VI.
867 1224 889 1259 et
905 1210 979 1262 tanus
998 1234 1001 1240 ’

158 1293 206 1328 non
227 1279 266 1328 nisi
283 1289 387 1341 tempore
408 1277 555 1326 Maccabaico
577 1276 753 1343 abstergeretur,
780 1278 864 1342 Jerem.
881 1276 978 1326 XXXI:

161 1359 199 1406 13.
221 1343 255 1394 Ps.
279 1342 390 1393 CXXVI:
407 1357 431 1403 5,
448 1345 470 1391 6.
487 1343 545 1402 Hos,
561 1341 609 1391 Xl:
631 1357 653 1406 7.
688 1343 733 1391 Sed
755 1354 778 1390 et
799 1345 901 1407 corrupti
921 1345 979 1393 Mo·

159 1423 208 1468 res,
229 1424 285 1473 quos
307 1407 350 1456 hoc
365 1419 469 1473 tempore
489 1407 622 1468 induerent,
644 1420 667 1457 et
681 1423 724 1473 per
740 1422 796 1472 quos
818 1407 980 1459 severissimum

160 1473 288 1537 Judicium‚
300 1487 342 1537 per
357 1473 498 1521 Antiochum
514 1473 658 1538 Epiphanem
670 1472 852 1539 exsequendum,
868 1490 982 1538 provoca-

140 1535 222 1598 rent,
240 1540 298 1595 dare
313 1537 362 1586 satis
378 1537 480 1603 descripti
495 1536 558 1589 sunt:
576 1540 603 1589 Ε.
620 1555 654 1603 gr.
671 1539 740 1604 Zach.
759 1539 791 1588 V:
811 1538 894 1605 rseqq.
917 1541 979 1591 Dan.

161 1604 233 1653 Vnt:
252 1619 290 1665 23.
308 1602 454 1667 praedicitur,
471 1603 556 1668 Regem
571 1604 637 1668 facie
653 1604 738 1668 fortem
759 1605 909 1654 SarreiIrrrmn
927 1605 982 1669 ff,

163 1684 211 1717 curn
223 1670 413 1726 Proernnoamrrr
430 1666 476 1718 &c
492 1668 507 1717 i.
524 1684 544 1719 e.
562 1669 649 1734 Judaei.
683 1669 729 1718 Sed
750 1668 822 1717 status
836 1669 854 1718 is
870 1686 984 1735 nusquam

160 1734 247 1797 plenius
264 1749 332 1797 quam
354 1733 415 1798 apud
432 1732 570 1782 Malachiam
592 1733 734 1793 depingitur3
756 1750 799 1795 qua
821 1735 938 1782 occasione
953 1735 982 1783 de

160 1797 292 1860 Hypotlresr
308 1798 371 1842 Libri
388 1796 455 1856 huJ'us
471 1793 636 1857 interpretandi
647 1794 806 1859 disputandum
817 1795 890 1859 foret,
908 1799 949 1850 nifi
958 1800 983 1850 id

161 1862 210 1925 jam
226 1859 315 1908 taurim
331 1858 386 1909 effer
401 1858 426 1905 in
443 1857 615 1906 Commentario
631 1873 684 1907 meo
700 1858 728 1906 ad
743 1859 813 1909 ilium.

196 1924 216 1988 I.
234 1920 314 1972 XXX.
400 1926 420 1977 u.
437 1922 540 1972 Per-indm
567 1923 614 1973 Vra
645 1922 805 1986 compledlitur
835 1926 986 1988 grarifflmam

70 2037 71 2040 ,
161 1980 319 2040 Afflidiionern
336 1999 358 2035 et
374 1986 558 2036 Persecutionem
574 2002 664 2053 quoque
679 1988 805 2052 Religionis
822 1991 887 2040 causa
898 1994 926 2041 ab
937 1996 987 2045 An-

162 2054 240 2104 tiocho
256 2053 376 2116 Epiphane
392 2061 415 2098 et
431 2052 683 2116 Syro-Macedonibus,
692 2051 730 2102 ,de
744 2069 788 2117 qua
801 2054 930 2121 Prophetae
940 2058 987 2109 sae·

163 2136 193 2185 pe
209 2132 232 2185 et
252 2119 381 2167 luculenter
393 2115 507 2166 vaticinati
522 2115 582 2169 sunt.
617 2118 709 2167 Praeter
722 2118 843 2168 Generales
854 2123 988 2188 Prophetias

163 2186 229 2250 supra
240 2184 335 2250 prolatas
344 2183 396 2239 ¹huc
413 2181 557 2243 referendae,
570 2196 592 2233 et
603 2195 705 2233 accurata
721 2184 868 2235 meditatione
883 2188 988 2255 subigen-

165 2246 206 2300 dae
223 2252 273 2299 sunt
289 2249 406 2314 sequentes
417 2247 565 2314 Prophetiae:
582 2249 625 2315 Jes.
642 2250 735 2302 XXIV.
752 2248 875 2301 XXXIII:
893 2256 987 2323 7Seqq.

164 2318 231 2366 LIV:
251 2322 272 2369 8.
294 2316 354 2363 Dan.
372 2314 442 2364 VIII:
459 2328 548 2376 oum,
568 2331 605 2377 17.
622 2314 668 2364 XI:
686 2328 716 2380 37
728 2317 794 2383 Seqq.
811 2318 852 2369 Ps.
864 2319 893 2370 X.
912 2322 989 2376 XLII,

164 2383 251 2433 XLIII.
269 2392 292 2429 et
307 2381 420 2430 LXXIV.
442 2380 552 2430 LXXIX.
573 2382 672 2432 LXXX.
706 2381 759 2432 Nos
774 2399 818 2449 pro
839 2401 905 2435 nrore
921 2403 989 2452 quae·

165 2444 216 2493 darn
233 2447 358 2496 Observata
375 2461 404 2495 ert
419 2445 546 2511 Prophetiis
562 2447 708 2512 proferemus
725 2449 752 2497 ad
770 2466 852 2499 verum
867 2451 934 2516 hujus
949 2456 991 2502 Pe-

165 2509 221 2570 riodr
241 2512 389 2575 conspectum
410 2512 433 2561 in
454 2513 504 2563 luce
519 2513 657 2582 ponendum
673 2525 699 2565 et
719 2514 867 2579 uniames
886 2519 993 2582 suppedi-

594 2579 619 2628 D
899 2584 995 2661 tardos,
