2173 2960
437 204 537 254 Petiodnt
556 197 582 248 V.
861 200 906 259 167

332 321 362 370 A.
376 322 444 388 Quod
465 319 563 369 notabilis
583 317 703 367 admodum
723 314 760 363 hic
780 315 806 362 sit
826 316 905 377 casus,

105 405 127 442 et
142 407 194 458 prae
209 386 408 454 reliquisomnibus
424 386 541 454 eminens.¹
570 445 575 453 η
646 446 652 453 ¹
686 445 691 455 .
773 445 775 448 ⁴
865 385 867 389 “

333 449 358 496 Β.
381 448 449 513 Quod
469 447 587 511 superioris
602 446 692 497 Petiodr
710 443 777 494 Casus
796 441 906 492 characte-

36 534 42 544 ⁴
103 522 172 572 ristici
187 517 325 578 consequens
340 510 367 559 sn
382 511 418 559 laic
433 510 487 575 ipsc.

328 578 353 623 C.
372 574 439 640 Quod
449 573 547 622 inanime
557 571 653 637 insignes
662 570 793 636 produxerit
804 569 907 618 minatio

104 665 142 697 nes
156 647 180 694 in
196 645 258 693 Orbe
276 638 398 688 Christiano
412 654 453 703 per
469 637 629 695 Occidentem,
645 636 729 701 quippe
744 635 767 685 in
783 647 817 683 tot
832 632 906 681 diaer-

104 713 135 759 sas
156 707 278 755 Societates
298 702 416 765 distracto,
442 701 493 768 post
505 702 637 765 libertatem
657 701 722 749 Fidei
739 712 763 749 ct
783 697 908 763 Religionis

103 772 259 822 introductam.
572 823 575 827 Δ

334 832 365 880 D.
389 830 457 897 Quod
473 829 538 879 Fides
555 841 578 876 et
593 828 682 893 Religio
698 831 725 879 ab
741 826 910 878 exstantioribns

103 898 236 961 corruptelis
250 907 356 962 purgata,
372 908 395 942 et
411 897 477 957 longe
492 893 581 958 lateque
596 905 716 957 propagata
725 892 793 947 fucrit
802 908 844 957 per
860 893 907 941 Oc·

104 964 230 1020 cidentem3
251 960 280 1009 ne
299 975 359 1017 nunc
380 958 407 1007 de
422 957 534 1022 quibusvis
550 956 652 1006 Scientiis
671 958 697 1006 ad
713 957 824 1006 summum
840 972 906 1012 evec-

103 1029 145 1087 tis,
160 1043 201 1091 per
216 1026 339 1074 libertatem
355 1020 480 1084 Religionis
494 1020 615 1080 redditam,
631 1021 709 1085 aliquid
724 1021 802 1070 dicant.

137 1092 158 1156 §.
175 1089 281 1139 CXLVI.
330 1087 396 1134 Haec
405 1084 512 1133 Periodus
527 1084 607 1132 liberae
622 1097 644 1133 et
659 1083 762 1148 publicae
776 1084 850 1134 Verbi
860 1081 909 1131 Dei

103 1167 127 1202 et
147 1150 285 1216 Religionis,
305 1148 394 1213 rejectis
415 1147 583 1197 Traditionibus
603 1145 719 1207 humanis,
745 1147 908 1206 restitutionis,

103 1217 202 1280 fideiqne
211 1216 238 1264 ad
253 1215 304 1262 cani
313 1213 401 1262 unicam
412 1213 524 1261 Normam
530 1249 537 1272 ,
554 1213 657 1261 Verbum
666 1212 696 1262 sc.
708 1212 766 1271 Dei,
782 1213 909 1266 conforma·

105 1294 142 1329 tae
159 1279 316 1336 Confeffionis,
338 1289 361 1325 et
375 1275 497 1336 Exercitii‚
522 1276 642 1340 repetenda
657 1277 689 1324 est
709 1275 734 1324 in
756 1276 876 1329 Germania
896 1290 909 1328 a

105 1343 265 1393 Transadiionc
279 1338 409 1390 Pallanienli
424 1357 459 1390 ao.
479 1355 555 1402 1552,
571 1341 607 1389 vcl
620 1340 697 1402 potius
713 1357 726 1388 a
741 1341 842 1389 Comisiis
857 1342 905 1389 Au-

104 1404 202 1472 gustanis
217 1422 251 1455 ao.
270 1419 344 1465 1555:
360 1404 385 1452 in
398 1405 470 1453 'Gallia
483 1407 511 1453 ab
526 1403 609 1453 Edidio
620 1405 760 1452 Nannetensr
775 1404 814 1453 sub
824 1403 909 1460 Henri·

104 1488 132 1520 co
148 1471 185 1520 IV
200 1486 234 1518 ao.
254 1475 328 1529 1588:
344 1468 367 1516 in
382 1467 517 1516 Bobemiaa
537 1468 617 1516 Literis
633 1468 778 1531 Majestaticis
794 1469 908 1533 Rudolplii

88 1579 91 1583 ,
105 1535 142 1592 11;
158 1535 180 1581 in
195 1533 273 1595 Belgio
288 1548 301 1579 a
322 1530 527 1580 Confoederatione
547 1532 714 1581 Provinciarum
728 1548 769 1597 per
793 1533 910 1582 Uninncm

107 1595 277 1659 Ultrajedinam
297 1612 331 1644 ao.
355 1609 434 1656 1579:
461 1595 543 1660 quippe
564 1612 607 1661 qua
627 1598 715 1644 libai-rur
740 1596 851 1661 religionis
877 1596 909 1645 cst

105 1661 213 1719 stabilita,
240 1672 263 1707 et
283 1659 359 1723 purior
379 1657 456 1722 religio
481 1675 571 1724 quoque
590 1659 710 1708 reformata
730 1661 833 1719 admiffa‚
854 1660 906 1712 inde

106 1725 182 1786 postea
212 1724 256 1771 sola
289 1722 349 1770 facia
372 1721 511 1782 dominans,
542 1723 631 1785 publica
656 1723 789 1778 anctoritate
817 1724 905 1774 sancita.

106 1790 132 1836 In
148 1786 261 1833 Britannia
281 1787 307 1834 ab
315 1784 420 1835 ,Henrico
437 1785 497 1832 VIII
510 1784 609 1845 incepta,
624 1785 661 1833 rea
676 1786 716 1847 sub
729 1787 851 1835 Elisabetha
867 1788 906 1835 dc-

107 1865 169 1897 murn
184 1848 283 1912 perfecta
294 1864 332 1901 ao.
346 1852 415 1906 1558.
429 1845 455 1895 in
467 1845 547 1894 Suecia
558 1847 698 1897 Reformatio
713 1847 755 1897 fuit
764 1850 788 1900 in
800 1852 910 1913 generali·-

105 1914 146 1961 bus
162 1909 236 1973 Regni
250 1910 354 1959 Comitiis
369 1910 410 1958 sub
424 1909 622 1960 Gitstavoranena
637 1927 670 1960 ao.
689 1927 759 1974 1527.
776 1914 835 1977 quod
847 1915 907 1965 idem

106 1975 130 2024 in
150 1976 222 2023 Dania
235 1974 321 2022 ,factum
337 1972 405 2021 estin
422 1973 514 2036 publicis
530 1974 634 2023 Holmiae
655 1976 760 2024 Comitiis
776 1978 816 2026 fub
831 1980 908 2028 ,eluis-

107 2040 180 2089 tierno
195 2039 237 2086 HI:
253 2038 276 2086 in
292 2037 399 2097 Heluetia
409 2052 450 2100 per
461 2036 534 2085 varios
549 2039 628 2099 gradus
639 2039 739 2102 perfedla
754 2041 800 2099 est3
816 2053 841 2089 ut
851 2043 911 2106 apird

108 2101 231 2162 Tinurinos
245 2103 291 2164 jana
306 2118 340 2150 ao.
364 2115 438 2161 1525,
460 2117 514 2165 qum
534 2101 572 2149 alii
591 2103 692 2151 nonnulli
720 2102 775 2167 Pagi
795 2105 853 2154 haud
873 2107 911 2156 din

108 2167 159 2231 post
175 2166 243 2213 secuti
258 2166 321 2224 sunt3
338 2177 361 2212 nt
377 2176 400 2211 et
417 2165 573 2225 Genevenles‚
589 2166 627 2229 qui
642 2167 836 2219 Refonnationem
850 2160 911 2221 insti·

109 2242 201 2279 tuctu-nt
217 2229 242 2275 ab
258 2246 292 2278 aa.
313 2242 381 2289 1535·-
803 2287 806 2291 ⁴

141 2295 161 2358 §.
178 2294 298 2342 CXLVII.
331 2292 452 2340 Cliniadber
468 2308 521 2356 ergo
537 2293 647 2358 Ecclesiae
662 2293 790 2354 dominans,
808 2308 833 2343 ut
850 2313 911 2347 nunc

108 2356 156 2418 ejus
170 2359 244 2404 Partes
259 2358 325 2420 patilo
339 2356 462 2404 accuratius
477 2356 599 2421 explicem
614 2356 726 2420 sequentia
742 2361 911 2423 cornplediitut:

337 2421 365 2469 A.
382 2419 493 2468 Ecclesiae
514 2421 639 2483 generalem
659 2419 791 2470 diuisionem
809 2424 836 2478 vin
859 2426 911 2475 duas

110 2494 201 2542 magnas
222 2482 354 2540 Societatcs,
376 2485 466 2532 alterurn
490 2485 641 2546 Tyrannicaro
662 2497 683 2532 ct
701 2486 908 2548 linticlnillianam3

502 2549 552 2606 Xn
819 2552 909 2602 alterum
