2173 2960
194 208 224 264 98
268 267 269 270 Ἴ
414 200 512 248 Mamali
528 198 665 261 Praplrelt‘tae
681 200 737 248 Part
754 204 788 251 Η.

198 330 292 382 peccata
307 319 432 383 gravissima
448 329 470 365 et
486 317 613 378 clamantia,
630 333 686 382 quae
701 319 809 369 smmuam
825 322 1004 379 dernoustrabant

198 383 380 447 corruptionem,
401 397 499 446 quaeque
516 381 603 445 Judaeis
619 394 703 431 tantam
724 384 855 449 inlligebant
870 401 958 451 notam,
981 405 1005 441 ut

185 447 254 496 >boni
272 461 294 496 et
310 448 380 496 sandi
395 448 417 496 le
432 447 458 494 ab
474 444 514 493 illis
529 446 684 509 separaverint.
718 450 816 498 Accellit
831 452 892 500 dolor
908 469 1003 518 magnus

199 512 352 561 Conscientiae
367 523 389 559 et
404 509 538 573 desperatio:
567 511 633 558 Unde
648 524 721 560 tottam
737 516 826 563 tandem
842 532 921 581 corpus
940 520 1002 568 cada·

198 577 303 624 verosum
324 575 409 624 fallam
429 573 534 622 concidit.
573 575 642 637 Signa
661 576 694 623 illa
715 577 767 625 sum
793 580 886 629 lllelfiae
907 584 1001 642 caedes,

204 639 381 686 Christianorum
398 638 472 685 odium
490 651 511 686 et
531 638 670 698 Perfectum,
697 640 775 702 Jacobi
794 643 886 693 minoris
907 646 1001 706 occisio,

198 703 326 750 Zelotarum
347 701 513 764 multiplicatio,
534 700 572 764 qui
591 717 684 749 rnrmeto
699 703 809 755 immenso
835 708 883 758 sicis
903 710 1004 760 iullrucli

198 766 221 814 se
237 766 352 813 confertae
373 765 510 813 multitudini
531 765 654 827 ingerentes
675 770 784 817 necabant
801 773 894 822 obvim:
916 776 1004 824 accellit

197 827 347 876 conformatio
368 829 395 875 ad
418 845 492 876 mores
513 831 675 877 Romanorum.
710 832 775 880 Haec
795 835 875 885 scelera
901 841 1002 887 omnibus

195 893 265 940 Bonis
281 893 396 940 horrorem
411 891 561 952 incurrerunt,
578 904 600 939 er
620 893 681 955 ligna
695 893 786 944 luerunt
804 898 906 948 instantis
927 903 1001 961 exitii,

194 956 316 1004 secundum
331 955 404 1019 ipsum
420 956 551 1019 Joseplmm.
584 956 704 1005 Clarilliani
724 974 812 1024 quoque
833 963 890 1012 lianc
909 981 1003 1029 corrup--

195 1019 281 1068 tionem
297 1019 320 1067 in
336 1021 409 1067 lucem
419 1020 576 1082 protrahentes
591 1021 664 1068 ulcera
679 1021 733 1070 ltaec
748 1026 811 1088 quali
817 1027 904 1090 Judaeis
914 1029 1002 1078 inlliue-

194 1096 259 1144 rum,
275 1096 383 1147 quatenus
399 1099 424 1131 ea
438 1083 617 1132 demonstrarunt
631 1084 669 1131 illis
685 1084 761 1136 inell'e.
796 1091 839 1138 Sed
849 1092 894 1155 ipsa
905 1093 1001 1142 ulcerae

195 1149 270 1199 cinere
286 1148 400 1207 fervente,
417 1146 597 1210 concupiscentia
613 1146 692 1207 animi,
708 1163 759 1199 nata
770 1152 831 1214 lurra,
848 1158 944 1219 quaeira
955 1158 1000 1207 Dei

195 1212 288 1260 accensa
308 1210 382 1274 erupit
401 1211 423 1259 in
443 1210 493 1258 talia
513 1211 591 1260 ulcera.
629 1214 686 1276 Leg.
707 1214 797 1279 Joseplr.
826 1219 853 1267 de
872 1221 991 1285 Belllud

229 1339 249 1404 §-
266 1340 342 1390 LXV.
426 1338 509 1388 Vllum
524 1338 590 1402 Plaga
605 1339 637 1387 est
651 1342 765 1403 grandinis
781 1359 833 1391 cum
848 1347 893 1410 igni
906 1360 927 1396 et
942 1350 1001 1399 toni-

193 1415 245 1462 πως
267 1420 322 1468 qttae
342 1403 365 1451 in
386 1418 468 1467 genere
488 1403 593 1461 denotat,
615 1403 669 1452 itam
689 1404 737 1452 Dei
758 1407 846 1469 Judaeis
865 1411 999 1463 irmuinere:

194 1466 247 1515 nant
263 1468 318 1515 lraec
328 1467 390 1515 Mala
403 1467 532 1515 immediate
550 1467 577 1513 de
589 1468 657 1515 Coelo
673 1468 762 1516 demill'a
776 1470 876 1523 indicant
890 1476 939 1524 irati
954 1479 1000 1526 Dei

193 1530 317 1595 judicium,
333 1531 393 1594 quod
404 1530 503 1593 Judaeie
518 1530 583 1593 signis
599 1530 702 1593 colligere
717 1546 852 1596 potueruut,
869 1541 1001 1590 observante

195 1594 260 1658 saepe
271 1595 375 1658 Joseplro.
410 1596 436 1641 In
447 1593 519 1657 specie
530 1593 631 1656 expingit
642 1596 686 1642 duo
697 1596 822 1657 gravisfima
833 1602 929 1663 Judicia‚
945 1619 1002 1667 quae

194 1658 251 1706 iram
262 1659 309 1707 Dei
319 1659 485 1721 representant,
501 1656 585 1703 famem
597 1668 619 1703 et
630 1658 722 1720 pestem.
746 1660 838 1711 Grando
854 1665 927 1730 lraages
938 1681 960 1714 et
970 1683 1005 1714 ar-

194 1724 259 1773 bores
275 1722 383 1784 dejiciens
396 1720 483 1767 adferre
498 1720 554 1766 solet
567 1720 702 1767 sterilitatem
713 1733 737 1767 et
751 1723 847 1774 famem:
863 1729 927 1790 igniti
942 1732 1001 1793 globi

191 1785 300 1848 grandine
309 1784 381 1832 mimi
395 1783 494 1830 indicant
509 1781 609 1840 Pellem,
627 1798 656 1831 ex
670 1782 739 1831 nimio
755 1786 829 1835 calore
844 1793 898 1839 aeris
913 1795 998 1842 accensi
1040 1791 1042 1793 ’

193 1861 216 1897 et
238 1847 330 1898 materia
350 1847 465 1910 sulphurea
486 1845 615 1905 orinndama
642 1846 742 1896 Tonitru
761 1866 862 1902 rumores
875 1853 1000 1908 Bellorum.

194 1913 231 1961 Sic
247 1909 384 1962 declarantur
400 1911 474 1974 llpue.
492 1911 560 1960 Vlll.
577 1910 670 1973 Judaeos
686 1911 740 1960 lraec
756 1918 830 1964 omnia
847 1933 950 1984 expertos
967 1925 999 1969 es-

196 1978 232 2035 se,
249 1979 331 2025 clarum
347 1977 379 2025 est
390 1989 418 2024 ea
431 1976 492 2024 llill.
510 1988 533 2023 et
544 1975 656 2023 Dominus
672 1977 757 2028 Manli.
769 1981 853 2032 XXIV
862 1983 913 2047 ipfis
929 1987 1003 2037 verbis

195 2039 313 2102 praedixit.
372 2082 375 2086 .
452 2046 460 2062 ²
574 2042 583 2061 ⁹

426 2102 514 2150 Vlllvn
534 2105 604 2164 Plaga
615 2105 753 2169 Lorafiarmn
768 2108 897 2161 immensam
913 2116 1003 2178 copiam

197 2168 300 2229 AEgypto
311 2159 413 2222 immilrt3
430 2178 486 2227 quae
502 2164 600 2226 reliquias
611 2166 701 2227 frugum
712 2181 735 2214 et
745 2174 849 2230 graminis
860 2177 999 2238 carpserunt,

197 2231 271 2293 sicque
286 2230 414 2293 AEgyptum
430 2230 455 2276 ad
473 2239 597 2275 extremam
612 2229 744 2292 redegerunt
759 2248 916 2295 paupertatem.
956 2242 1000 2286 Lo·

195 2295 271 2342 custae
281 2293 419 2342 Ernblemata
430 2291 474 2339 esse
484 2291 556 2339 solent
566 2292 662 2352 lrollium
678 2293 827 2346 violentorum
842 2313 865 2346 et
875 2302 999 2363 rapacium,

146 2378 147 2382 ¹
195 2358 235 2422 qui
245 2373 326 2421 magna
341 2357 404 2421 eopia
419 2355 552 2416 invadentes
567 2356 643 2404 ortrrria
659 2357 723 2421 lange
740 2360 826 2423 lateque
836 2363 933 2424 vallant,
950 2366 998 2429 spo-

194 2423 263 2482 liant,
280 2422 342 2470 bortis
356 2420 457 2484 privant,
474 2433 497 2469 et
512 2420 658 2480 admiletiam
673 2421 785 2486 redigunt.
803 2435 805 2438 '
820 2426 857 2473 Sic
872 2427 1002 2494 deullyriis

195 2485 387 2550 occurritrlntos.
404 2486 462 2550 Vll
484 2486 544 2536 'Imo
561 2501 641 2537 onmes
654 2486 728 2547 hostes
743 2488 890 2554 judaeorum,
906 2493 944 2559 qui
961 2509 998 2564 va-

248 2576 251 2581 ,
964 2571 1000 2606 tus
