2173 2960
202 194 236 241 De
247 185 390 238 Frntnlnltnin
401 194 422 232 et
432 184 523 253 iiiluna
533 183 654 248 Religionis
665 187 752 237 intrariae
768 187 813 244 &a
864 204 912 252 245
959 202 964 209 ‘

141 335 162 411 q.
180 346 221 393 III:
330 341 449 398 'Sororium
478 340 539 403 eujus
560 339 709 389 charisium]
729 340 813 392 animus
833 345 866 393 ert
886 345 910 394 in

110 413 183 458 lucem
198 406 312 470 proferre,
329 402 389 465 quis,
407 404 490 465 quidue
505 404 543 460 lit,
560 402 624 465 quid,
641 406 806 473 quouemotlo,
827 408 850 456 in
867 409 907 456 ho.

109 473 205 521 miuibus
216 484 238 517 et
248 470 306 516 inter
318 481 355 512 eos
371 470 491 528 operetur?
509 478 532 512 ut
543 481 664 526 exponam,
682 480 704 512 et
719 481 740 512 m
752 483 907 531 communem,

109 551 223 597 eumque,
245 531 294 594 poli
316 542 349 576 tot
366 529 393 575 de
409 529 541 576 nobilissimo
557 528 627 576 hocce
643 530 719 592 spiritu
736 532 871 595 conscriptos
886 535 909 581 li-

110 603 171 655 bros,
185 599 231 659 jun
247 593 369 642 taediosum
384 592 459 640 locum
475 606 603 649 excurram,
619 608 685 640 nemo
701 593 811 652 uestrum,
828 597 911 656 scio,a

110 678 147 707 me
168 658 294 721 exspeelam
316 672 382 704 nemo
404 656 472 704 etiam
492 669 564 703 tantus
581 656 613 702 est
629 656 652 703 in
665 657 744 719 Script.
768 660 857 722 liospes,
875 662 913 724 qui

109 721 265 784 nequissimum
282 722 353 779 lrtmc,
372 719 433 766 simul
450 719 550 782 potentia
572 721 612 767 vel·
622 720 687 783 super
702 720 761 783 ipsos
778 722 809 770 sui
825 726 912 788 generis
985 722 986 728 ’

110 786 204 848 Spiritus
215 785 365 843 eminentem,
381 783 509 847 Principem
520 783 634 846 potestatis
646 785 713 844 aeris,
732 799 754 832 et
770 787 834 850 liujus
850 790 911 836 secu-

108 849 142 907 li,
163 849 209 896 siue
229 849 371 910 spiritualium
391 848 539 909 nequitiarum
560 859 641 908 caput,
663 850 699 911 qui
721 866 772 897 cum
792 852 913 901 incredibili

109 912 220 960 sociorum
235 914 299 960 turba
314 910 449 959 domicilium
464 911 563 973 reliqu't,
581 910 626 956 Dei
641 925 661 957 ct
678 913 846 963 hominum-seu
856 922 911 966 neri-

110 980 176 1035 tntir,
191 977 214 1024 in
230 992 272 1038 qua
288 992 333 1023 non
348 973 458 1037 perstitit,
474 977 599 1034 sinatisque
615 975 735 1036 proseilinn
752 992 774 1025 et
789 980 911 1029 terribilem
972 1015 973 1018 η

108 1040 208 1097 hostem,
224 1040 339 1086 Diabolum
355 1050 377 1083 et
392 1038 498 1082 Saturnini
515 1036 615 1096 adpellari
635 1038 735 1095 solitum,
752 1041 846 1103 ignorat.
882 1047 909 1092 H.

107 1103 146 1149 lud
161 1101 236 1148 tarrren
252 1116 281 1148 ne
297 1117 338 1148 uos
353 1101 431 1156 lateat,
448 1114 497 1146 mea
512 1099 615 1158 interest,
636 1116 673 1147 me
694 1101 730 1147 hic
746 1119 790 1151 non
807 1107 834 1153 de
850 1110 911 1156 Dae.

109 1162 225 1223 mortibus,
237 1180 332 1227 quorum
343 1162 423 1210 diuersi
433 1162 483 1210 lunt
493 1162 641 1220 clrarasieres,
654 1165 766 1227 qualitates
777 1170 860 1230 uariae,
873 1173 912 1220 sed

109 1230 188 1276 denno
204 1228 254 1285 illo,
267 1244 332 1291 quem
349 1226 475 1288 designavi,
491 1242 602 1290 quemque
612 1227 693 1290 Script.
711 1229 811 1293 singulari
826 1235 913 1298 semper

110 1297 204 1340 numero
219 1308 282 1339 unum
298 1291 342 1339 else
357 1289 451 1337 studiose
466 1290 573 1349 inculcat,
591 1306 668 1354 agere3
685 1306 799 1354 praeterea
814 1313 851 1345 me
868 1300 910 1347 dis.

109 1357 249 1417 tinguentem
265 1356 311 1416 ejus
326 1355 464 1418 qualitatem,
480 1369 547 1417 quam
562 1354 653 1402 definire
669 1356 797 1419 adgredior,
810 1372 859 1408 ‘non
876 1366 913 1411 alf.

104 1420 173 1484 salnte
189 1419 227 1467 sed
241 1419 346 1482 restrilie,
357 1430 384 1485 gt
398 1417 426 1465 ad
437 1417 593 1481 Religionem,
605 1419 771 1485 religiosamque
786 1422 916 1476 societatem

109 1485 189 1541 relate,
205 1483 342 1530 intellesiam‘
355 1482 419 1529 velle.
454 1483 480 1527 ln
497 1481 647 1543 quaestionem
668 1481 741 1546 itaque
759 1486 840 1547 mitto,
861 1492 915 1553 qnid

109 1549 162 1594 illud
172 1547 204 1607 fit
219 1550 241 1593 in
256 1547 382 1608 Religioni,
399 1546 449 1605 quod
459 1545 555 1592 Saturnis
571 1548 593 1593 in
606 1549 682 1608 printit
693 1550 796 1609 intendit,
808 1555 911 1615 agirqie?

113 1610 173 1674 Quid
189 1610 241 1657 illud
257 1612 280 1657 in
296 1625 321 1656 re
337 1607 461 1671 Religionis
477 1608 503 1655 sit
519 1610 672 1666 Diabolicum,
694 1615 752 1673 quod
768 1629 816 1663 eam
832 1616 859 1664 ad
876 1621 911 1667 Sa:

111 1686 175 1722 tanae
194 1674 313 1736 imaginem
334 1672 473 1730 conformat,
495 1683 518 1718 et
538 1674 585 1734 ejus
605 1673 692 1738 subjicit
707 1675 823 1725 dominio?
843 1682 894 1742 quid
905 1720 912 1742 ‚

109 1738 170 1801 quod
196 1753 290 1800 regnum
311 1738 403 1783 Satanae
428 1734 450 1781 in
476 1734 602 1782 societatem
629 1737 749 1797 religiosam
774 1740 912 1793 introducit?

106 1800 175 1862 quid,
192 1817 236 1862 quo
247 1801 331 1861 posito,
344 1797 446 1861 ponitur,
457 1797 553 1856 sublato,
570 1798 654 1845 tollitur
665 1801 755 1847 Satanae
766 1802 912 1857 dominium?

110 1863 217 1924 denique,
233 1875 258 1908 ut
274 1864 342 1910 uerbo
358 1861 480 1919 absolvam,
497 1877 553 1924 quae
568 1861 664 1923 qualisve
679 1862 705 1908 sit
716 1864 831 1914 dominans
842 1870 911 1919 socie-

110 1926 160 1973 tatis
181 1925 346 1972 Ecclesiasticae
364 1923 468 1987 qualitas,
493 1924 517 1973 in
537 1941 579 1988 qua
595 1927 679 1974 inians
695 1927 791 1978 Sntcrnne
808 1931 839 1979 est
856 1939 912 1984 etan
965 1963 971 1966 a

110 1991 163 2038 ius?
180 2001 206 2036 ut
219 1989 276 2052 stylo
291 1991 365 2051 Apoc.
381 2000 437 2035 utar.
692 2019 694 2023 Α
896 2023 897 2027 ,

104 2048 118 2066 ⁵
142 2053 163 2119 §
180 2054 224 2102 IV.
339 2050 467 2099 Satanicum
482 2052 526 2099 esse
541 2051 627 2101 Divino
643 2054 789 2119 oppositum,
815 2063 915 2130 adeoque

108 2117 133 2165 in
150 2135 177 2164 eo
193 2116 354 2185 quaerendum,
370 2116 429 2178 quod
438 2131 484 2172 ¹nec
495 2117 560 2173 Deo,
576 2126 681 2180 tanquam
698 2122 782 2182 autori,
794 2140 910 2190 acceptum
976 2130 978 2132 ’

108 2181 238 2238 serendum,
255 2196 296 2227 nec
307 2178 416 2229 uoluntati
426 2180 474 2239 ejus
489 2178 639 2228 inanisestatae
649 2196 773 2245 congruum
788 2188 832 2245 est,
844 2191 910 2253 spon.

110 2257 134 2292 te
149 2245 222 2292 suain
238 2245 314 2290 oculos
333 2242 422 2305 quidem
442 2241 487 2289 sese
506 2242 600 2306 ingerit,
616 2245 690 2302 necin
708 2249 835 2307 conjedmra
851 2255 911 2317 pofi„

108 2319 158 2356 tum
174 2308 212 2357 est.
247 2309 279 2355 At
295 2307 357 2354 enim
372 2305 426 2352 fitne
440 2305 504 2366 illud,
520 2307 579 2370 quod
590 2323 633 2354 non
650 2307 720 2369 estin
737 2312 857 2376 Religione
868 2317 914 2369 Dr:

104 2371 201 2429 uinum,
214 2387 241 2418 eo
252 2371 300 2434 ipso
311 2369 467 2430 Diabolicum,
479 2382 501 2417 et
511 2372 583 2434 aliquo
600 2370 650 2418 sisu
661 2371 748 2435 dicique
758 2392 824 2439 queat
835 2381 910 2445 sensu,

108 2431 164 2498 sitne
185 2437 244 2490 rnle,
261 2433 321 2496 quod
336 2431 437 2489 Dialaoli,
460 2435 551 2498 ejusque
567 2434 640 2499 Regni
656 2444 719 2483 veras
741 2438 808 2491 fingas
822 2445 911 2495 dm?

17 2559 18 2562 Ἴ
108 2492 218 2560 idipsum
234 2496 280 2555 est,
296 2495 356 2558 quod
371 2495 511 2548 determinat
527 2497 601 2546 uelim.
640 2499 716 2550 Deum
730 2503 788 2553 inter
808 2520 831 2555 et
852 2512 911 2557 Sata-

522 2561 567 2611 Hh
584 2577 596 2624 3
849 2588 914 2627 nam,
