2173 2960
146 168 193 224 158
361 163 461 209 dsctliudi
477 161 611 222 l'roplretiuut
632 161 689 207 Part
711 161 745 209 H.

151 296 184 344 gr.
202 296 213 326 a
235 278 331 327 ducibus
352 280 448 328 Caesaris
476 282 525 327 Car,
547 279 573 325 V
595 277 699 346 adunata
725 278 794 326 exstat
814 280 912 329 narratio
933 281 956 330 in

145 361 204 393 ,notra
220 345 337 393 colluuione
358 356 534 392 nroururrentornrn
554 342 681 391 Hulrnrnni
697 355 705 390 t
721 360 751 392 nr.
769 346 786 391 l.
809 358 875 406 quarn
889 361 967 401 neruo„

149 408 195 455 sine
222 408 316 457 horrore
337 409 427 471 legerit:
451 408 552 470 rapinae,
574 407 743 471 caedes‚pelbs
759 421 781 455 et
801 406 882 465 sanus,
904 424 959 456 con·

150 487 283 532 currerunt,
295 485 316 519 et
328 471 425 519 terribile
438 472 547 519 dederunt
558 470 718 534 spectaculum,
731 472 802 519 sacrae
813 487 901 534 quoque
910 488 958 535 per-

149 536 218 585 sonae
239 552 261 584 et
282 553 317 584 res
336 535 485 600 indignissime
505 535 555 596 sarit
575 536 687 585 tractatae.
705 536 750 584 uid.
767 537 845 585 Atlanti
858 538 959 584 rotmari

147 600 219 655 ,tellis
236 600 319 649 oculati
335 600 384 648 asta
400 598 566 661 insenspergica
580 598 617 647 lib.
636 602 678 648 tu.

148 721 150 723 q
382 676 407 717 rt.
425 662 571 725 Reliquorum
587 678 642 708 uero
653 663 780 710 Dodrotunr
797 676 820 710 et
835 665 960 712 Raetorum

152 725 262 776 Ecclesiae
280 727 458 785 obscurationes3
476 724 538 772 utin
555 736 588 771 tot
604 726 771 787 bisonaclrorurn
785 727 907 777 Ordinibus
923 744 960 776 ex·

153 791 219 847 ortis,
237 788 275 851 qrri
292 789 319 836 de
335 789 462 838 Rediotunt
478 788 588 836 Ecclesiae
605 788 712 851 dignitate
724 803 745 836 et
761 792 856 850 puritate
866 793 961 838 nridtunr

151 856 306 903 detraxerunt:
325 851 393 899 sicin
410 852 546 901 Ductoribus
562 851 667 899 Sclrolulli
681 854 716 910 is,
739 868 860 916 eorurnque
877 855 962 902 sabtili-

152 917 232 967 tatibus
253 929 276 963 et
298 914 365 972 uariis
386 915 563 979 quaestionibus,
592 915 669 977 quibus
689 931 766 964 ueram
786 917 920 964 Doctrinarn
941 930 963 965 et

152 982 262 1031 Pietatem
277 980 374 1027 multant
390 980 546 1037 obscurarunt,
563 979 697 1042 conspicuae
712 980 769 1043 sunt.
804 981 844 1026 Ne
860 996 920 1027 nrrnc
935 982 963 1028 de

154 1044 309 1095 Waldensrurn
332 1042 470 1105 aliorumque
491 1043 603 1101 dobbtina,
624 1060 666 1107 qua
687 1060 770 1090 errores
787 1056 808 1090 et
829 1043 965 1106 serpserstitio·

155 1125 194 1158 nes
210 1109 340 1156 Doeioruin
356 1120 378 1153 et
393 1106 519 1155 Rebloruru
534 1106 705 1155 Pontificioturn
721 1108 743 1155 in
759 1109 833 1155 luceru
847 1120 967 1171 protraxe-v

155 1185 221 1231 runt,
239 1170 321 1235 aliquid
336 1170 416 1218 dicans.
454 1179 457 1184 “

190 1236 210 1301 §2
219 1236 351 1284 CXXXVI.
390 1236 414 1282 C.
436 1233 517 1291 Addo,
540 1232 599 1295 quod
616 1233 659 1281 lruc
675 1249 728 1296 prae
749 1235 838 1299 reliquis
853 1237 963 1300 qrradrat,

157 1300 298 1357 Rectorurn,
311 1311 333 1346 et
344 1296 443 1346 Civitatis
456 1309 479 1343 et
488 1296 613 1354 Ecclesiae,
625 1313 666 1359 per
678 1310 751 1345 toturn
764 1301 880 1347 Orientem
892 1301 964 1349 multi-

154 1363 237 1413 fariam
258 1361 448 1420 obscurationem,
470 1377 516 1408 uon
536 1372 623 1407 tantum
648 1377 688 1424 per
709 1362 813 1421 Latinos,
835 1364 873 1427 qui
893 1364 963 1427 ipsam

157 1428 233 1491 Regni
250 1427 391 1488 Metropolin
408 1423 616 1487 Constantinopolin
635 1424 767 1488 aliquamdiu
783 1438 919 1488 tenuerunt,
942 1440 967 1475 et

159 1494 219 1541 vatia
235 1491 293 1538 rnala
309 1489 400 1539 Graecis
414 1488 546 1537 inflixerunt
562 1503 601 1549 per
612 1488 772 1551 Expeditiones
788 1491 910 1540 Cruciatas:
928 1491 966 1540 sed

157 1550 335 1619 praecipue'per
351 1554 437 1601 Turcas
453 1549 600 1609 OsrnanidaS,
614 1551 652 1613 qrri
662 1566 703 1614 per
717 1552 835 1600 marciniani
851 1555 914 1618 liujus
924 1558 964 1602 Pe·
974 1570 981 1603 ὴ

156 1620 214 1668 riodi
229 1631 316 1679 partem
334 1619 360 1664 ab
375 1615 443 1664 initiis
459 1616 508 1662 Sec.
525 1614 585 1662 XlV
600 1613 687 1676 gralliti
703 1614 765 1674 sunt,
782 1630 803 1663 et
820 1619 909 1666 taudem
929 1618 963 1681 ip-

155 1684 205 1732 sum
221 1683 330 1744 Regnum
347 1678 446 1728 Orientis
460 1677 628 1735 destruxerunt,
644 1678 695 1725 sede
706 1679 788 1740 Inperii
799 1682 844 1728 siaa
856 1682 963 1729 Corallan-

156 1744 260 1808 tinopoli.
282 1746 349 1792 Haec
365 1744 441 1806 utique
458 1742 482 1788 in
499 1740 596 1802 ernplrali
612 1741 654 1788 suit
669 1741 701 1788 sic
716 1741 774 1790 dieu
785 1743 909 1792 obscuratio
919 1746 964 1793 Lu-

158 1807 277 1859 minariunr
288 1806 433 1870 coelestium,
450 1816 476 1853 ut
490 1804 543 1851 illud
558 1805 675 1852 Ernblema
689 1805 746 1854 sorni
760 1799 822 1855 solet.
894 1854 895 1857 ,

390 1870 435 1917 Sed
450 1884 517 1932 quare
533 1867 611 1915 tertiae
630 1880 717 1916 tantum
732 1871 800 1918 Partis
820 1871 847 1919 fit
861 1871 964 1920 meato?

159 1937 228 2000 Resp.
251 1935 354 1999 respectu
374 1933 472 1982 rrniverli
493 1931 559 1980 Orbis
581 1930 712 1993 Christiani,
733 1935 770 1999 qui
789 1934 828 1983 bic
849 1937 966 1999 complexe

160 2001 266 2058 soluitur,
288 2015 355 2063 qrrrun
378 1999 428 2056 Sol,
449 1999 526 2054 Luna,
543 2008 566 2043 et
587 1996 665 2045 Stellae
681 2000 847 2058 metuerentur-3
863 2010 889 2046 ut
910 2001 966 2047 bene

160 2061 249 2113 notavit
265 2064 298 2109 Cl.
310 2062 424 2123 Vitringa.
459 2060 510 2127 Qua
525 2060 609 2108 ratione
624 2061 641 2109 sr
660 2076 695 2108 res
710 2062 824 2125 capiatur,
845 2062 911 2111 facile
926 2074 968 2126 apss

159 2138 237 2192 paret,
263 2139 331 2187 quam
356 2136 407 2182 apte
426 2125 504 2190 tertiae
523 2123 591 2184 partis
612 2124 735 2173 obscuratio
761 2126 799 2174 hic
821 2127 964 2185 exlribeatur3

159 2207 212 2241 curn
228 2189 295 2247 Orbis
312 2184 448 2233 Christianus
465 2185 583 2237 Orientalis
598 2200 638 2246 per
653 2187 739 2233 tertiam
761 2204 809 2236 earn
827 2192 916 2238 Partem
930 2191 969 2236 iri--
1010 2190 1012 2194 ’

160 2254 278 2316 telligatur.
303 2250 406 2317 Quantae
417 2264 473 2297 uero
486 2248 604 2294 Tenebrae
614 2246 637 2293 in
653 2263 687 2293 eas
698 2248 806 2297 Ecclesras
817 2252 917 2299 Orientis
928 2265 968 2313 per

161 2318 221 2365 liurrc
233 2316 312 2363 Casum
327 2312 413 2361 suerint
428 2312 546 2368 inductae,
563 2311 585 2358 in
598 2311 675 2371 trrrlgus
691 2309 723 2357 est
738 2324 823 2361 notum.
857 2316 910 2361 Nec
925 2314 967 2361 suit

163 2379 222 2429 aliud
237 2378 339 2426 illustrius
355 2377 400 2425 Dei
422 2374 548 2441 Judiciunr,
570 2373 628 2439 quod
654 2373 676 2421 in
698 2374 755 2423 lianc
770 2376 886 2424 Periodurn
912 2378 967 2425 inci·

164 2444 215 2502 dit,
241 2446 285 2504 atat:
306 2441 365 2507 qrrod
396 2442 419 2490 in
441 2440 517 2489 oculos
543 2437 636 2487 incurrit
662 2439 738 2504 magis.
782 2440 843 2489 Plura
864 2458 908 2490 nou
930 2442 966 2489 ad-

924 2505 966 2555 do:
