2173 2960
166 160 215 209 ,108
387 128 484 207 ilditltodi
499 133 706 220 Proplteti'caaPata
722 159 756 207 ii.
790 184 794 188 -

168 283 202 317 ao.
221 269 352 341 Sec.1,Ib⁷ti,
370 291 381 337 3
399 275 480 336 ad'ig.
498 286 521 322 et
535 275 690 324 suit'omnium
700 276 830 339 gravilllma.
864 276 912 340 Has
923 281 974 327 Per-

167 332 292 384 secutrones
303 352 361 386 ‘cum
376 340 398 386 iu
414 338 484 388 Instit.
501 339 561 387 Hisl.
573 340 635 389 Eccl.
652 340 720 388 fusius
737 348 876 399 enarremus,
893 356 929 390 eas
939 345 975 392 hle

167 397 262 461 tetigisse
278 400 396 451 suffecerit.
435 440 436 443 ,
592 449 597 463 ,Ἰ

200 462 221 524 §.
239 465 338 514 LXXV.
398 469 422 515 B.
444 467 650 516 Demonstrandum
672 484 732 516 ntirrc
748 467 793 526 est,
810 468 848 515 lias
868 468 972 516 Persecu-

167 525 240 573 tiones
256 529 345 576 Periodi
361 530 518 580 Clrarasterem
535 534 621 595 figere„
639 533 748 579 Rationes
769 531 856 580 nostrae
876 530 924 579 liant
940 532 972 579 so

167 602 272 653 quantes:
557 637 559 639 .

393 673 420 717 tt-
433 660 504 715 ,Haec
520 658 563 705 sola
578 657 683 704 Periodus
704 657 749 717 est,
775 661 796 705 in
817 674 859 721 qua
874 657 975 721 publieae

167 729 190 779 et
211 716 345 781 trrtiuersales
365 719 457 775 sumunt
478 738 518 785 per
540 721 629 769 Orbem
641 722 772 769 Romanum
792 721 975 781 Persecutiones,

166 796 218 827 eum
239 794 306 829 aruea
331 794 421 831 tantum
442 785 582 847 particulares
602 783 711 842 suerunt,
738 784 847 832 seditione
873 786 974 847 populari

166 842 288 891 maximam
303 858 392 907 partem
407 848 531 906 institutae,
548 849 574 895 ab
590 846 642 909 ipsis
658 846 834 909 Imperatoribus
850 847 959 909 repressae
965 868 973 909 3

166 919 192 954 ut
211 906 277 970 supra
293 909 403 966 vidirnus,
421 923 444 957 et
460 913 482 959 ln
499 911 557 959 l-Iill.
574 910 634 958 Ecel.
653 910 804 958 demonstrare
820 910 921 959 solemus

394 981 420 1028 ’3.
437 976 526 1022 Harum
542 972 734 1032 Persecutionum,
751 988 806 1037 qliae
822 989 834 1020 a
849 973 923 1020 Decio
938 975 973 1022 in-

165 1046 288 1098 ceperunt,
309 1035 425 1099 respes'tu,
446 1049 550 1101 tempora
569 1036 681 1102 superiora
697 1038 781 1084 censita
801 1036 850 1084 sunt
866 1036 972 1101 pacifica;

167 1098 206 1146 secl
221 1098 401 1158 Persecutiones,
418 1117 471 1164 quas
487 1100 600 1159 recensui,
617 1100 699 1147 faciem
714 1100 767 1147 Belli
783 1099 842 1147 inter
859 1101 973 1148 Romanos

168 1175 192 1209 et
209 1161 342 1210 Cluillianos
359 1166 517 1224 praetulerunt.
553 1165 589 1212 Sic
605 1163 708 1211 Laslant.
725 1164 754 1210 de
769 1165 843 1212 Mora.
862 1163 971 1212 Perseeut.

170 1242 219 1287 cap.
233 1225 266 1273 lII
278 1238 300 1274 et
312 1228 356 1275 IV.
395 1228 436 1275 Set
454 1228 506 1293 (ait)
521 1228 593 1292 pastm
610 1228 672 1289 litiga
682 1228 733 1274 Patr
744 1238 812 1292 stapla
818 1227 882 1289 fiairi
899 1229 974 1276 'extitit

166 1289 218 1353 post*
230 1307 295 1338 atritas
311 1293 410 1352 plut-nus
426 1295 545 1340 execrabile
562 1292 643 1340 uitiatas
657 1290 761 1353 Decius,
774 1294 809 1352 qui
825 1291 913 1340 ueduata
924 1293 971 1339 'Et-

169 1353 261 1414 clefiaur.
297 1355 334 1402 Sic
349 1355 452 1402 Eusebius
469 1355 529 1404 Hill.
546 1357 572 1404 L.
590 1355 656 1403 VIII.
674 1356 728 1416 Cap.
748 1369 784 1415 13.
802 1353 881 1412 tradit,
902 1354 971 1418 impe-

167 1430 253 1464 ratores
273 1434 352 1481 pacem
372 1433 424 1465 cum
445 1418 570 1466 Christianis
588 1416 689 1478 rupisse,
714 1428 736 1464 et
756 1417 835 1468 bellum
855 1418 975 1465 concitalle
997 1412 1009 1430 Χ

169 1494 247 1528 contra
264 1497 308 1530 eos.
344 1483 375 1528 Ita
391 1484 508 1545 praecipue
524 1483 551 1530 de
562 1479 714 1529 Diocletiauea
724 1480 880 1527 Persecutione
890 1493 915 1527 nt
926 1483 974 1529 Bel-

168 1545 190 1590 lo
201 1544 291 1607 publico
302 1546 421 1607 loquuntur
433 1545 555 1601 Historiei,
571 1557 596 1591 ut
606 1542 686 1590 Euseb.
702 1544 726 1589 in
737 1542 787 1591 Vit.
800 1542 913 1592 Constant.
921 1547 946 1592 L.
955 1547 973 1592 I:

169 1610 195 1655 C.
210 1622 246 1655 aa.
283 1608 384 1666 Laslaut.
396 1610 409 1656 l.
423 1625 442 1657 c.
456 1612 510 1671 Cap.
522 1610 589 1665 XVI.
597 1619 626 1667 ,ut
636 1618 658 1653 et
670 1604 777 1668 Sulpicius
788 1608 894 1655 Seuerus:
912 1608 973 1670 quod

166 1669 239 1732 ipsum
251 1671 350 1718 Nummi
360 1687 448 1734 quoque
456 1672 554 1736 docent,
571 1683 593 1717 et
608 1669 774 1729 inscriptiones,
791 1686 820 1717 ex
835 1685 868 1731 gr.
885 1671 975 1717 nomine

168 1732 345 1781 Cluilliauorum
363 1735 448 1792 deleto,
464 1733 620 1795 superstitione
635 1729 715 1783 Christi
731 1734 804 1793 utique
820 1734 900 1790 delata,
918 1736 974 1781 calta

167 1797 260 1846 Deorum
268 1809 400 1860 propagato,
416 1798 449 1853 uti
458 1797 610 1859 inscriptiones
620 1794 730 1842 columnis
740 1794 822 1843 incisae
832 1794 855 1842 in
867 1795 974 1859 Hispania

166 1861 225 1924 apud
241 1862 362 1909 baronium
379 1861 502 1919 habebant3
519 1861 549 1920 fic
565 1872 586 1908 et
602 1860 691 1907 Herculi
711 1861 834 1907 debellatori
847 1860 869 1907 in
881 1874 975 1908 nummo

168 1924 280 1974 Maximil.
293 1925 408 1985 Herculi,
419 1925 441 1972 in
452 1941 497 1988 quo
508 1924 616 1977 Hercules
627 1922 703 1972 visitur
713 1922 797 1985 hydrae
807 1923 927 1970 uuiltorum
938 1940 973 1971 ca·

170 1986 254 2047 pitum,
272 2003 328 2049 quae
349 1989 439 2047 gentem
461 1984 607 2035 Christianam
623 1985 813 2050 repraesentabat,
835 1985 973 2046 debellatori,

170 2048 230 2112 apud
245 2050 286 2096 ΕΖ.
300 2049 418 2110 spanhem:
434 2051 506 2099 Num
523 2050 585 2099 Dith
599 2051 631 2097 V.

247 2135 251 2140 -
398 2118 418 2166 a.
436 2112 486 2166 Hac
497 2114 590 2175 Perioclo
601 2115 748 2172 Imperatores
759 2114 856 2162 Romani
871 2116 893 2162 ln
905 2113 927 2161 id
942 2115 974 2161 in-

168 2177 311 2234 cubuerunt,
334 2185 359 2223 ut
380 2172 572 2221 Christianismum
592 2174 738 2232 debellarent,
759 2177 819 2238 quod
839 2190 862 2224 et
883 2176 933 2224 alibi
953 2178 976 2223 in

170 2238 231 2288 Hist.
247 2239 310 2287 Eccl.
327 2237 485 2287 demonstravi.

400 2306 425 2351 Ἱ.
441 2303 503 2350 Ante
518 2300 575 2348 hanc
590 2299 709 2347 Perlodum
724 2301 870 2363 Imperatores
885 2301 975 2349 subinde

166 2362 254 2417 tantum
271 2365 425 2415 concesserunt
439 2365 499 2414 Plebi
514 2364 626 2426 impetum
639 2365 661 2412 in
680 2363 827 2414 Christianos:
852 2365 901 2428 post
916 2366 972 2413 banc

167 2431 286 2482 Periodum
302 2431 419 2479 debellatus
434 2430 467 2477 est
481 2428 634 2493 PaganIsmtts:
651 2443 705 2494 ergo
720 2428 763 2479 sola
778 2429 819 2479 hac
834 2429 927 2479 Periodo
943 2430 972 2475 cle

161 2498 250 2547 suruiua
266 2493 297 2544 rei
314 2493 346 2546 est
362 2495 505 2545 decertatum.
706 2509 707 2512 ¹
904 2494 968 2541 ,Per-
