2173 2960
204 206 248 254 218
427 198 497 246 Sumo
513 197 653 247 Academicus
669 197 788 247 Setctudur..

202 356 270 413 sedis,
287 357 346 419 quae
361 356 444 404 adhoc
459 370 529 419 usque
544 368 632 419 ternpus
652 356 674 403 se
689 348 780 417 uretur,v
797 368 842 405 tam
858 350 1007 421 longaeua-
1077 405 1078 410 ,

202 422 249 480 tio,
266 436 307 485 per
323 433 357 468 tot
371 419 440 468 secula
455 420 596 479 continuata,
617 419 633 467 li
649 436 674 469 ea
690 421 717 470 sit
728 420 911 480 notissisimum,
927 419 965 470 cui
976 422 1008 469 bi·
1039 421 1041 425 ⁴

203 487 249 532 lem
265 501 311 533 non
327 486 433 532 moueat?
454 483 538 545 Tutin,
554 485 593 550 qui
608 485 745 549 fieriqueat,
761 498 799 544 ut,
815 485 853 550 qui
864 480 1010 535 millenarium
1067 485 1069 488 ’

203 548 332 598 lunt'lorum
351 562 457 611 regnum,
494 549 522 597 de
542 566 588 613 quio
602 550 647 612 Ap.
665 551 718 599 XX.
740 564 763 598 ct
778 550 835 614 ligati
857 552 950 604 Satanae
969 563 1009 613 pe⁴

203 614 292 662 riodum
313 628 353 676 per
376 612 452 659 eudem
473 612 545 660 secula
566 614 684 661 decurrere
704 615 819 673 statuunt,
851 614 923 678 quod
941 612 1011 661 iidem

203 677 289 726 faciunt
307 677 431 738 Theologi,
453 674 477 723 in
493 674 622 722 rrranifestue
634 675 659 723 'et
674 679 746 740 turpis
766 677 948 728 contradidionis
968 692 1011 724 tro.

203 755 250 789 tam
271 755 317 786 uon
337 740 467 786 incurrant?
495 739 556 807 Quid
571 738 652 785 enim?
675 753 698 787 ee
713 739 830 789 bestiae'et
847 741 928 789 Christi
943 741 1012 803 regua
1027 742 1030 747 '

204 820 248 851 uiro
264 802 389 864 eodemque
403 813 507 864 tempore
523 803 597 849 secum
618 802 757 851 consistent?
775 803 838 866 ligati
857 817 880 852 et
898 806 921 851 iu
946 803 1014 851 Anti·

204 864 287 915 cliristo
308 864 372 913 soluti
392 866 486 913 Satanae
500 866 576 915 eadem
590 867 638 928 jam
658 866 700 914 erit
720 867 843 929 periodus?
867 868 965 934 Quarto,
987 880 1013 916 ee

202 945 243 994 per
264 928 347 988 secula,
374 928 398 977 in
424 928 503 993 quibus
528 941 562 977 tot
591 929 691 978 Concilia
717 929 888 989 Oecumeuica,
919 929 1013 978 illibatae

205 992 264 1058 apud
275 992 333 1056 ipsos
347 991 498 1052 Protesiantes
519 993 666 1054 audioritatis,
683 993 734 1042 sum
751 994 873 1053 celebrata,
894 1005 929 1042 tot
944 994 1013 1042 sauili

203 1070 227 1104 et
251 1055 344 1105 illustres
365 1058 491 1106 floruerunt
511 1056 642 1117 Douma,
669 1069 704 1105 tot
727 1060 799 1107 bonae
819 1059 879 1122 leges
899 1058 923 1106 iu
949 1057 1014 1105 tusum

204 1121 319 1169 Ecclesiae
336 1121 393 1168 latae
411 1120 474 1181 suat,
490 1132 552 1169 tauto
573 1121 669 1185 denique
684 1120 757 1169 studio
778 1133 802 1169 et
821 1122 961 1185 paganismus
982 1120 1015 1167 est

204 1186 337 1244 debellatus,
360 1197 383 1232 et
398 1184 539 1247 euangelium
554 1200 594 1247 per
607 1186 703 1248 populos
725 1185 905 1248 septentrionales
923 1186 948 1233 iu
969 1183 1013 1249 pri-

204 1248 247 1297 mis
268 1248 443 1307 disseminatum,
458 1247 625 1296 Anticlrristum
640 1248 723 1311 primas
743 1247 850 1306 tenuisse,
872 1249 910 1311 qui
929 1247 1016 1312 sceptra

204 1313 261 1360 druto
281 1312 358 1360 saeuus
378 1310 571 1376 imperioregit,
595 1310 641 1374 quis
667 1312 713 1360 stne
733 1310 936 1375 indignationem
961 1312 1013 1360 hor·

205 1391 256 1423 rore
275 1375 365 1423 audiat?
390 1377 489 1442 Quinto,
510 1374 688 1434 Antichristum,
709 1390 755 1438 quo
775 1383 878 1438 tempore
896 1389 928 1423 ex
949 1374 1014 1423 cubili

205 1439 335 1504 prosilierit,
356 1441 410 1503 quin
425 1439 544 1503 prudentes
560 1451 583 1486 et
597 1438 630 1502 pii
650 1437 692 1486 uiri
709 1440 752 1487 lint
766 1438 948 1498 notaturiseum
963 1438 1015 1487 fieri

206 1515 315 1568 nequeat:
337 1505 384 1574 qum
398 1502 480 1566 qrraeso
495 1502 540 1563 est,
556 1501 596 1565 qui
615 1504 684 1563 Papus
697 1517 780 1565 perca
793 1501 865 1550 secula
879 1502 921 1550 hac
935 1502 1014 1550 infami

206 1580 262 1616 nota
283 1565 382 1615 adfecit?
403 1580 477 1614 nonne
498 1577 603 1629 tanquam
622 1564 708 1627 primae
733 1564 816 1624 sedis,‘
837 1564 910 1629 princi
927 1566 946 1614 is
970 1564 1015 1613 loci
1050 1590 1053 1594 >

142 1672 144 1676 ,
204 1631 316 1695 praesules
338 1630 364 1678 ab
379 1629 481 1678 uniuersa
497 1629 594 1677 Ecclesia
614 1628 708 1676 consulti
723 1627 791 1676 stunt?
807 1630 886 1689 Sexto,
901 1584 1019 1677 cliaraeter*

203 1692 339 1743 Antichristi
354 1693 387 1752 θ’,
406 1706 430 1742 ut
449 1692 502 1754 ipsis
520 1689 562 1741 illis
582 1692 707 1741 aussoribus
728 1692 1016 1755 placet‚⁴srt,>lraereticas

204 1756 323 1822 opiniones
339 1755 362 1804 et
376 1756 537 1804 idololatricam
552 1756 636 1804 cultum
650 1755 674 1803 in
689 1755 798 1820 Ecclesrus
812 1755 918 1804 invehere
930 1773 937 1815 3
963 1755 1027 1821 quid·

204 1820 281 1872 uel'in
296 1820 360 1869 causa
375 1820 427 1868 fidei
444 1818 562 1868 definitum
582 1817 631 1878 eli,
657 1816 717 1884 qttod
732 1818 830 1883 haeresin
845 1819 913 1881 sapit,
934 1820 970 1868 vel
991 1819 1014 1882 in
1071 1820 1073 1824 ⁴

204 1886 267 1935 cultu
278 1883 311 1932 est
321 1884 465 1943 innovatum,
483 1883 543 1948 quod
554 1882 671 1931 Ecclesiae
680 1882 795 1933 communi
811 1881 904 1931 consilio
918 1897 964 1932 non
981 1883 1014 1930 se·

204 1947 361 2013 cerruitaipse
380 1946 597 2013 imaginum‘cultus
616 1962 693 1997 nonne
710 1945 857 1997 Orientalibus
877 1946 927 1995 suos
949 1947 1016 1996 debet

207 2013 306 2074 natales?
864 2014 867 2020 '
898 2052 900 2056 ,

241 2075 262 2141 s.
278 2076 323 2124 VI.
345 2103 346 2106 =
363 2087 365 2090 ·
437 2079 542 2140 Septimo,
558 2075 666 2140 denique,
682 2089 708 2125 ut
718 2091 792 2125 arcem
802 2075 881 2125 causae
896 2073 1017 2136 inuadam3'

205 2139 260 2203 quid
276 2138 386 2194 Primatus
399 2139 521 2199 Paparum,
536 2140 589 2201 quiid
605 2140 746 2189 oecumenici
768 2141 844 2188 titulus
855 2139 939 2199 habet,
955 2139 1015 2205 quod

205 2199 340 2252 Antichristi
355 2198 470 2247 infamiam
486 2203 704 2260 merendre-ecquis
719 2203 779 2247 enim
795 2214 870 2248 raritas
885 2203 918 2249 est
933 2203 957 2249 in
972 2202 1017 2247 his·
1052 2254 1054 2257 ¹

205 2266 264 2315 toria
279 2263 371 2327 hospes,
389 2275 414 2310 ut
424 2264 486 2312 hunc
497 2261 587 2310 titulum
598 2272 620 2307 et
630 2261 760 2308 Patriarchis
771 2262 921 2321 Constantio.⁷
938 2275 961 2310 et
972 2260 1016 2310 aliis
1047 2318 1048 2321 Ἴ

206 2329 271 2378 soille
285 2342 443 2388 communem,
466 2327 568 2375 nesciat?
590 2323 664 2393 Quid,
681 2323 813 2387 suprimatus
828 2323 894 2385 facit,
908 2337 933 2372 ut
948 2326 1016 2373 horno
1058 2335 1059 2338 ’

208 2396 231 2442 iu
242 2391 334 2442 bellium
345 2391 455 2451 trauseat,
470 2390 524 2457 quiid
535 2390 639 2453 inquam,
655 2388 796 2447 Paniardis,
818 2388 1014 2453 Metropolitauis,

205 2457 254 2507 imo
265 2454 392 2517 Episcopis,
410 2456 467 2503 siet?
481 2458 548 2515 isne,
565 2453 603 2518 qui
613 2452 741 2502 uniuersalis
751 2451 796 2510 eli,
807 2451 913 2501 ‘oninium
921 2451 1014 2518 *dioece-

205 2522 262 2571 smm
282 2519 418 2586 Episcopus,
441 2522 526 2585 raujoue
540 2519 595 2587 vjure
613 2518 685 2573 audiet
704 2515 867 2580 Antichristus,
891 2533 961 2628 quarp¹
978 2516 1015 2579 qui

937 2595 1016 2643 atquae
