2173 2960
199 198 233 247 Da
244 196 385 248 martialium
396 201 416 241 rr
427 191 517 260 uiolenta
528 187 649 251 Religionis
660 190 748 239 tristiciae
759 189 806 245 &a
856 203 905 254 247

100 358 206 421 cogitata,
222 353 258 402 vel
273 349 405 409 adulterium
421 348 526 413 stando,
544 344 615 396 varias
635 358 691 394 artes
704 348 812 409 indicina
827 347 902 397 humi·

99 437 154 469 num
170 413 338 479 corrumpendi,
360 413 424 476 eique
442 412 590 475 imponendi,
609 408 655 457 sive
676 410 770 459 Divinis
790 414 903 461 autoribus

99 484 171 547 spuria
185 482 264 543 scripta
278 477 436 534 inscribantur,
452 475 499 524 sive
514 491 564 523 uota
576 471 682 522 vitientur
692 475 743 521 data
759 488 839 535 opera,
855 477 902 525 five

85 551 224 596 ‚traditiones
244 540 354 604 a‘primis
375 538 495 601 originibus
516 538 559 584 alte
578 536 686 598 repetitae
706 538 833 601 fingantur,
856 539 902 587 sive

99 611 206 658 contortis
219 602 454 668 interpretationibus,
475 614 498 649 et
513 600 620 649 subtiliter
636 603 748 650 contentis
768 601 903 661 ratiociniis,

97 671 166 719 animi
176 685 255 732 magna
265 667 416 733 probabilitate
425 666 539 725 fallantur,
547 663 697 714 srveDiviuae
706 665 830 714 autoritatis
839 682 904 729 prae·

99 734 212 797 rogativae
221 733 244 781 in
255 734 319 781 rebus
329 732 381 781 fidei
390 745 428 781 aut
438 730 547 794 religionis
558 730 595 777 uni
606 741 644 777 aut
653 730 751 792 pluribus
766 729 791 779 in
806 730 904 778 Ecclesia

25 848 28 853 ,
100 799 250 861 adfinguntur,
267 798 314 846 five
327 795 475 862 grandisonis,
497 793 535 842 sed
551 794 624 851 vanis,
643 793 716 843 verbis
727 806 751 842 et
766 794 836 843 titulis
847 810 901 843 ocu-

98 861 114 909 li
129 860 326 926 praestringantur,
348 861 406 920 sive,
427 875 468 922 per
483 857 591 906 sinistrant
607 856 700 920 aliquam
715 862 792 908 aaroni
807 857 903 923 discipli-

100 941 164 985 nam,
185 925 289 973 interiora
310 923 424 989 religionis
445 922 550 987 mysteria
574 920 657 992 oculis·
669 920 835 982 subducantur,
862 938 902 986 per

100 988 155 1038 falso
171 1001 194 1036 et
213 989 289 1036 fucato
311 990 385 1037 colore
400 987 454 1035 illita
474 986 578 1047 dogmata
600 984 659 1032 ocult
685 986 832 1047 fascinentur,
855 988 903 1050 live

100 1053 153 1101 aliae
171 1052 215 1099 srnt
229 1052 322 1098 'fraudes
343 1051 382 1099 vix
402 1048 571 1096 enurneraudae.
614 1048 702 1107 Tertio,
730 1050 790 1098 varia
809 1051 903 1110 media,

98 1114 168 1163 astute
179 1113 318 1175 excogitata,
336 1112 432 1176 adsidue
449 1105 565 1159 hominnm
581 1111 705 1170 excitandi,
722 1126 744 1160 et
759 1113 782 1161 in
798 1114 904 1164 savorem

99 1176 211 1241 religionis
226 1177 343 1237 fledtendi,
359 1177 405 1225 five
416 1190 458 1239 per
472 1174 549 1223 fidiam
562 1173 689 1224 devotionis
702 1175 798 1238 speciem
814 1178 903 1240 fallant,

99 1242 146 1289 five
161 1255 202 1305 per
216 1242 285 1290 verba
300 1240 398 1304 publica,
415 1239 489 1288 intimi
504 1238 604 1287 adseslus
620 1239 724 1288 benevoli
738 1241 810 1305 spuria
826 1241 903 1306 signa,

100 1304 165 1353 dietis
182 1304 297 1369 verbisque
311 1304 439 1368 phaleratis,
457 1303 556 1361 ducant,
578 1303 625 1352 srve
639 1318 680 1366 per
696 1306 794 1354 rationes
808 1320 904 1355 rnorem·

99 1380 133 1416 tes
149 1385 160 1417 a
176 1368 329 1427 multitudine,
339 1424 341 1426 ,
351 1366 496 1434 antiquitate,
518 1366 634 1429 splendore
648 1366 757 1417 societatis
778 1368 905 1432 religiosae,

98 1447 111 1479 a
127 1430 252 1479 multivaria
267 1432 440 1490 commoditate,
457 1429 563 1489 utilitate,
579 1430 741 1492 delectatione,
757 1433 905 1496 apromillis,

97 1494 187 1559 aliisque
203 1511 232 1543 ex
246 1495 347 1545 sontibus
361 1494 480 1544 lutulentis⁴
489 1506 511 1541 et
532 1493 647 1544 venenatis
662 1496 760 1561 petitas,
781 1497 852 1547 anina-i
867 1513 906 1548 oe·

94 1570 213 1623 capentur.
458 1596 460 1600 Α

133 1623 154 1689 s.
171 1624 225 1673 VH.
324 1622 411 1672 Verum
433 1625 494 1672 enim
515 1638 571 1672 vero
596 1632 649 1671 cum
675 1622 790 1674 dodirinae
816 1625 907 1690 alicujus

100 1688 230 1751 propagatio
246 1685 361 1750 oppofitae
376 1686 547 1735 destruitionem
562 1685 638 1734 seeum
655 1689 739 1748 trabat,
757 1690 849 1752 ejusque
858 1690 905 1738 rui·

101 1750 135 1799 nis
150 1751 176 1799 sit
191 1750 372 1813 superstruenda5
398 1763 422 1797 et
441 1749 490 1798 illae
511 1762 568 1797 artes
587 1750 626 1797 hic
641 1749 664 1800 in
680 1752 772 1799 censum
790 1750 903 1813 veniunt,

101 1829 158 1877 quae
172 1813 275 1863 adversae
290 1812 391 1876 religioni
405 1828 487 1861 nervos
506 1811 641 1871 succidunt,
665 1813 732 1863 eoin
748 1814 827 1878 primis
842 1817 904 1865 colli—

100 1889 202 1935 neantes,
218 1888 243 1923 ut
253 1876 287 1923 illa
297 1874 439 1940 praejirdiciis
449 1877 591 1940 adgravetur,
603 1875 666 1924 simul
676 1879 802 1927 contemtui
817 1890 839 1927 et
850 1881 904 1930 odio

91 1939 145 1989 ‘nna
160 1956 211 1988 eum
227 1940 346 1987 cultoribus
360 1940 407 2003 ejus
423 1953 560 2003 exponat-um
576 1938 623 1990 srve
639 1944 741 1990 territans
758 1954 813 1991 nota
828 1942 905 1995 inura-

101 2018 150 2064 tur,
166 2004 212 2053 live
222 2005 249 2053 ab
259 2005 375 2052 ltonrirriius
386 2003 515 2053 recentioris
526 2003 587 2063 aevi,
604 2016 712 2069 tanquam
729 2010 854 2068 artioribus,
866 2008 905 2057 de:

102 2070 239 2126 nominetur,
255 2066 302 2115 srve
318 2083 369 2115 cum
384 2066 458 2116 odiosa
478 2067 573 2126 haeresi,
595 2067 685 2132 antiqua
700 2071 736 2118 vel
752 2086 826 2132 nova,
842 2085 906 2123 com·

102 2146 191 2196 paretur
206 2144 229 2179 et
244 2130 405 2190 confundatur,
422 2131 469 2180 srve
484 2130 536 2179 salsa
551 2131 571 2180 ei
586 2130 727 2195 imputentur
743 2134 859 2196 dogmata,
872 2151 909 2186 aur

102 2213 155 2246 vera
170 2193 315 2253 reticeantur,
331 2194 451 2258 fucataque
467 2197 541 2243 colore
556 2195 706 2255 obducantur,
730 2210 752 2245 et
769 2198 857 2247 finistris
872 2201 907 2249 in·

102 2259 296 2325 terpretationibus
305 2270 473 2322 pervertantur,
491 2257 660 2308 siveinvidiosrs
676 2261 840 2325 consequentiis
861 2282 909 2314 man

104 2324 164 2387 ligne
180 2336 296 2384 oneretur,
313 2322 360 2372 sive
375 2324 434 2372 varia
450 2324 542 2372 crimina
556 2338 596 2387 per
612 2338 661 2371 earn
677 2324 791 2374 committi
807 2329 910 2392 improbe

104 2389 244 2447 venditetur,
266 2400 288 2434 et
308 2387 371 2448 pravi
395 2402 494 2436 rumores
519 2387 593 2435 sedulo
618 2387 767 2450 spargantur,
789 2390 837 2441 sive
857 2410 910 2443 eum

104 2448 195 2510 Regum
215 2463 251 2497 aut
268 2448 396 2512 Principum
416 2451 507 2510 coieris,
529 2452 593 2513 saepe
610 2451 767 2513 emendicatis,
784 2468 807 2503 et
826 2457 910 2507 Praela-

104 2520 178 2557 torum
193 2512 288 2559 decretis
302 2510 402 2562 insidiose
423 2515 604 2576 committantur,
627 2514 672 2568 sive
687 2516 784 2581 denique
801 2520 912 2582 ridiculis,

500 2578 544 2626 Hh
560 2593 575 2639 4
806 2581 917 2637 odiostsve
