2173 2960
131 254 165 302 Dp
178 252 248 300 Mem,
260 242 351 313 Qinrfl.
364 243 387 290 dt
399 239 573 290 Annamatia&
586 252 605 287 et
613 237 698 301 periodo
709 239 835 306 Anticliaist.
860 253 888 288 22
892 253 908 301 5

103 422 172 459 matos
189 401 303 456 dicemus?
321 396 358 460 qul
373 413 439 445 uerae
455 397 541 460 pietatis
557 407 580 442 et
596 394 683 442 uirtutis
699 395 722 442 se
736 395 820 458 juratos
836 399 905 459 profi-

103 489 177 524 tentur
189 469 272 523 hoster,
290 462 346 509 etin
358 461 462 519 Satanae,
476 477 519 507 non
531 459 587 515 Dei,
599 457 672 506 callris
682 459 785 506 militant.
819 461 905 522 Ecquid

104 539 161 588 aliud
177 544 257 597 agunt,
273 525 312 589 qui
327 535 350 570 et
365 524 469 586 quiequid
483 522 566 585 justum
581 536 607 567 ae
623 521 721 570 fandum
737 521 783 581 est,
806 522 851 569 Dei
867 524 906 570 lio-

101 603 233 659 minunique
246 593 306 652 jura,
323 586 413 651 pedibus
428 587 572 644 conculcant,
591 596 613 631 et
628 599 664 633 aut
674 586 804 648 religionem
816 600 907 633 ornnem

102 667 125 714 in
141 661 218 711 animis
234 652 360 709 destruunt,
375 662 412 698 aut
422 647 555 696 histrioniam
572 663 687 708 exercere,
709 649 815 714 fidasque
831 649 906 713 perso-

105 743 142 773 nas
158 720 270 785 praeferre
287 727 383 779 cogunt,
400 727 424 762 ut
445 713 501 761 aliud
517 724 594 760 mente
614 713 700 761 testum
720 715 827 772 habeant,
849 713 906 761 aliud

106 804 145 836 ore
160 784 274 848 proferant
290 780 395 827 lio-nrinen.
431 778 494 844 Quae
508 788 569 824 certa
586 788 607 822 et
622 776 666 825 fola
682 778 732 826 sunt
748 777 910 842 persecutionis

107 851 199 907 esseda,
217 858 251 896 tot
268 843 375 906 exemplis
390 842 541 905 comprobata.
576 840 651 888 Eosne
662 841 761 890 dixeritis
770 845 851 905 gloriae
863 841 910 889 Dei

106 913 225 971 studios05‚
246 908 297 973 qui,
314 908 373 972 qnod
393 907 439 954 Dei
457 905 521 953 solius
542 902 586 962 eli,
603 903 698 968 filiique,
721 919 824 970 taiiqtiarn
841 905 909 953 unico

108 977 209 1026 cordium
219 972 333 1025 scrutatori
344 984 366 1018 et
376 969 456 1034 judici,
469 966 601 1025 reservavit,
613 966 652 1029 ipsi
663 968 772 1032 eripiunt,
790 983 812 1017 et
822 969 861 1017 libi
872 986 909 1016 au-

108 1043 182 1091 datior
193 1040 288 1088 sumunt.
322 1034 407 1097 Ecquid
419 1032 477 1080 aliud
488 1031 586 1088 faciunt,
602 1031 638 1097 qui
652 1031 772 1081 secundum
788 1035 840 1081 fidei
857 1049 909 1080 nor-

57 1131 60 1136 v
108 1122 166 1163 mas,
183 1119 236 1167 quas
250 1101 291 1162 ipsi
306 1100 414 1153 fixerunt,
432 1096 459 1143 de
475 1093 574 1158 proximi
590 1095 636 1142 rita
656 1107 678 1140 et
694 1095 760 1143 salute
776 1096 911 1145 saritentiam

108 1170 260 1232 imprudenter
277 1173 299 1211 et
314 1159 432 1210 temerario
452 1158 504 1207 ausu
518 1154 609 1206 ferunt?
637 1157 698 1223 Quid
718 1159 750 1207 est
766 1160 857 1208 unicum
873 1163 913 1207 Pa-

109 1246 180 1290 trem‚'
197 1227 321 1277 Dosiorem
337 1236 360 1271 et
375 1222 536 1287 legislatorem,
554 1223 677 1284 abnegare,
695 1223 711 1270 sr
730 1223 774 1271 hoe
795 1240 840 1272 non
862 1224 913 1271 ell'?

110 1292 217 1345 Veritatis
234 1305 308 1340 amore
324 1305 361 1336 eos
377 1285 466 1337 creditis
481 1285 598 1345 accensos,
614 1287 652 1348 qui
667 1286 742 1334 insano
763 1286 846 1345 fludio,
865 1300 913 1336 tan-

111 1375 177 1424 quam
188 1353 319 1418 tempestate
329 1349 440 1415 correpti,
457 1366 501 1400 non
518 1362 583 1408 eunt,
604 1348 642 1397 sed
658 1362 766 1413 aguntur,
788 1350 916 1414 furentique
971 1373 974 1376 ·

112 1424 170 1473 malo
185 1418 299 1467 serviunt?
320 1414 370 1481 qui,
388 1415 453 1477 cujus
469 1413 519 1462 sum
535 1413 637 1476 spiritus,
648 1413 689 1478 ipsi
708 1414 821 1473 nesciunt,
840 1414 918 1478 utique

42 1495 45 1500 “
113 1502 158 1534 non
174 1481 256 1539 divini,
277 1478 314 1542 qui
334 1494 380 1527 non
395 1477 531 1541 perniciem,
547 1476 585 1524 sed
604 1476 675 1526 vitam
690 1479 790 1542 proximi
804 1479 918 1538 intendit,

111 1549 147 1599 sed
162 1545 254 1610 impuri,
270 1556 314 1606 quo
329 1542 444 1599 feruntur,
465 1540 515 1605 qui,
533 1556 634 1590 ranarum
649 1543 866 1607 Apoealyptiearurn
880 1544 916 1592 in-

113 1612 168 1670 star,
186 1611 242 1659 orbis
253 1621 316 1669 reges
327 1616 349 1653 et
364 1605 476 1668 supremas
489 1605 608 1668 potestates
624 1606 651 1654 ad
666 1607 776 1669 proelium
792 1624 842 1655 eum
858 1607 919 1657 sanc·

113 1676 141 1724 tis
158 1682 300 1735 congregant.
335 1669 365 1717 Et
379 1668 417 1733 qui
434 1669 513 1731 quaeso
529 1667 628 1719 veritatis
643 1671 754 1720 rationem
769 1673 876 1720 haberent
886 1672 918 1719 ul-

112 1742 168 1797 lam,
184 1753 238 1802 quos
248 1734 320 1797 setina
335 1731 385 1782 sitae
400 1732 480 1794 placita
495 1733 562 1782 unice
583 1733 710 1795 delee'tant3
732 1750 853 1798 eorumque
873 1734 918 1782 stu-

116 1803 177 1850 dium
198 1799 289 1862 inpellit.
324 1795 415 1845 Veritas
435 1794 451 1841 fi
471 1795 523 1856 ipsis
538 1811 605 1843 curae
624 1799 732 1862 cordique
752 1797 823 1856 esset,
844 1797 922 1846 aliisue

115 1865 192 1922 arinis,
210 1860 384 1916 uexationibus,
400 1857 446 1905 sine
461 1856 540 1923 quibus
554 1859 612 1906 nulla
626 1860 659 1907 est
680 1862 804 1909 annuorum
825 1863 921 1911 eorivie·

115 1932 160 1987 tio,
180 1941 236 1990 quae
256 1925 300 1973 sola
319 1920 417 1971 veritatis
437 1936 533 1985 regnum
552 1922 641 1982 condit,
663 1939 712 1973 eam
732 1924 882 1974 defenderent
898 1938 923 1974 et

118 1990 294 2057 promoverent?
310 1986 399 2036 Veritas
415 2001 443 2034 an
458 2001 499 2049 per
519 1986 600 2050 strages
620 1988 737 2038 hominum
753 1989 780 2036 ad
796 1988 926 2038 dominium

119 2055 205 2104 tendit?
221 2067 261 2115 per
276 2050 376 2108 fraudes,
392 2049 507 2108 convitia,
529 2051 607 2110 exilia,
624 2063 647 2099 et
659 2052 772 2116 supplicia
788 2053 816 2101 de
833 2053 928 2114 animm,

119 2121 143 2168 in
158 2117 236 2181 quilius
251 2116 315 2163 urtice
335 2113 428 2174 residet,
449 2113 615 2177 triumphabit?
643 2117 713 2178 Cujus
732 2116 809 2179 itaque
829 2117 930 2167 veritatis

119 2183 207 2231 stimulo
221 2179 353 2228 irritantur?
369 2177 425 2225 illius
440 2177 521 2235 credo,
538 2193 607 2239 quam
621 2178 689 2226 satius
710 2179 784 2228 fuisset
805 2194 873 2242 puteo
889 2182 927 2228 de-

121 2246 213 2294 mersam
227 2243 251 2290 in
266 2252 399 2305 perpetuom
414 2239 519 2301 jacuisse,
535 2254 601 2301 quam
617 2250 651 2288 tot
666 2240 736 2292 saenis
752 2243 878 2291 satellitibus
889 2243 928 2294 sti-

122 2317 199 2373 pata-nr
213 2319 279 2370 caput
299 2302 399 2352 extulisse
419 2301 608 2361 irttetl101niiies;
628 2302 698 2364 illius,
715 2304 752 2352 eui
772 2304 826 2354 illud
847 2311 931 2371 postue

125 2373 244 2430 convenit,
422 2371 425 2375 '

290 2433 381 2480 Tantum
393 2432 462 2492 potitii
472 2432 553 2492 relligio
564 2431 655 2497 srtadnu
671 2433 780 2482 anulorum.

155 2496 263 2542 Veritatis
274 2509 335 2542 amor
346 2492 362 2538 si
373 2494 458 2540 arrianos
469 2493 566 2555 ipsorum
579 2495 716 2560 occupasset,
728 2499 777 2545 sieri
788 2515 832 2547 non
844 2501 929 2563 pollet,

121 2555 173 2621 quin
185 2557 316 2619 Jirpieiin'arn
332 2553 427 2619 superne
440 2568 607 2668 utrumq-quae,
625 2561 680 2609 telle
691 2561 788 2624 Jacobm
806 2563 837 2612 eli
849 2567 929 2630 paris-

121 2663 123 2665 ·
892 2647 931 2692 aas
