2173 2960
455 162 555 221 Periodns
570 172 590 219 Ι.
900 177 930 233 87
1002 201 1004 204 -

156 291 175 357 p.
194 293 257 342 LVI.
297 336 298 339 ,
346 291 417 354 Pergo
431 291 506 354 itaque
522 289 548 337 ad
564 288 677 352 Singulare
695 290 774 336 Faturn
792 290 872 338 Gentis
888 290 928 353 Ju-

124 356 210 416 daicae,
233 371 277 419 qno
294 352 425 414 Respublica
443 371 495 402 curn
512 367 560 401 tota
571 354 717 402 OEconornia
728 354 804 416 Legali
820 354 929 402 destrudta

123 421 162 470 est.
198 423 285 469 Multae
297 417 345 464 sunt
356 418 499 480 Pr‘opbetiae,
516 433 572 480 quae
587 416 638 463 iilud
654 418 734 464 Fatum
751 417 774 465 in
790 419 863 465 iucem
874 435 925 481 pro-

122 496 243 533 traxerunt.
278 481 313 527 Ex
334 482 484 529 Pentateucho
511 481 555 528 hnc
576 480 671 543 pertinet
691 482 761 530 Deut.
778 482 876 530 XXXII:
896 497 926 541 29

116 550 174 614 seqq.
193 561 216 595 ut
232 547 254 593 in
270 544 339 592 Notis
353 545 446 607 probaui
467 545 495 592 ad
517 545 549 593 CI.
566 545 625 594 Vitr.
645 546 733 593 Conrrn.
750 545 776 593 ad
792 545 836 593 hoc
852 546 927 593 Canti-

122 629 181 660 curn.
216 611 251 657 Ex
266 608 337 655 Libris
353 608 469 657 Historicis
492 611 575 658 rSrrn.
598 609 684 657 XXHI:
708 614 731 668 6,
753 624 774 671 7.
795 609 858 657 sensu
878 612 926 671 ple·

122 676 186 723 niore
202 686 225 720 et
241 672 332 731 ultimo,
350 672 388 720 ubi
403 673 560 738 inproborum,
583 686 606 720 et
622 672 700 720 doinus
716 673 840 722 Datridicae
854 674 929 738 regiae

122 737 310 795 adreriariorunr,
331 737 404 785 totalis
424 737 566 801 exstirpatio,
587 737 626 784 sub
647 738 778 785 crnbiernate
798 737 927 801 spinarum,

122 817 178 865 quae
194 817 241 849 non
258 818 320 849 uranu
336 801 480 865 colliguntur,
502 814 524 849 et
539 801 562 849 in
578 800 707 849 societatem
717 802 875 862 admittuntur,
887 804 927 853 sed

121 865 232 915 violenter
249 878 271 912 et
286 877 368 913 armata
383 882 449 914 nranu
464 865 599 915 invaduntur
620 881 645 911 ac
666 866 820 927 eradicantur,
842 880 864 915 et
879 867 929 932 igni

126 929 272 977 absurnendae
285 930 413 990 traduntur,
430 932 512 993 absque
527 942 552 976 nt
568 928 666 977 crescere
682 942 704 977 et
719 931 860 995 multiplicari
875 949 927 996 per-

124 994 253 1053 mittantur,
271 992 405 1057 depingitur.
444 994 522 1042 Verba
542 993 650 1041 exhibebo
667 1006 689 1041 et
709 995 785 1057 paucis
805 1012 925 1060 exponant.

126 1060 171 1116 Et,
192 1060 228 1107 vel
243 1057 296 1121 sed,
319 1058 391 1105 Belial
407 1057 460 1122 (sni
480 1056 547 1105 Belial
576 1056 653 1104 nullius
673 1057 761 1121 frugis,
786 1060 876 1122 inprobi
902 1074 926 1110 et

122 1120 240 1182 obstinati)
252 1120 310 1182 ficut
321 1120 388 1184 spr'nn
404 1121 500 1185 qtrnffatrr
513 1119 609 1185 (incnss'o
625 1122 764 1170 anathemate
779 1125 851 1187 ejecta
871 1141 926 1174 cum

121 1185 211 1249 publica
230 1183 339 1244 infamia,
356 1186 412 1234 Hos,
428 1186 469 1233 IX:
494 1200 530 1246 17.
547 1202 610 1249 ,quae
631 1185 664 1234 vis
680 1185 713 1233 est
738 1187 788 1236 rad
807 1192 856 1239 Ἦ]
871 1191 923 1256 atr)

125 1249 175 1312 quiri
187 1267 226 1298 nnn
237 1266 300 1303 nunu
314 1251 439 1310 prehendant
457 1248 617 1313 (intradtabiies
627 1249 688 1309 sunt,
701 1265 744 1297 nec
759 1251 800 1301 nisr
816 1254 925 1304 violenter

122 1313 207 1374 extrahi
223 1312 324 1377 poffunt)
335 1313 387 1377 sed,
409 1316 444 1375 qni
461 1325 536 1376 tanget
552 1316 611 1374 illos,
634 1317 747 1376 inplebitur
764 1317 868 1381 (inanum
889 1336 923 1368 ar·

121 1390 217 1437 irratam,
239 1376 339 1439 etspiffe
359 1378 481 1437 inunitam,
502 1379 593 1437 babeat,
615 1377 716 1440 oportet)
732 1379 795 1441 fetro
816 1382 844 1437 ὅ)
865 1385 923 1447 ligno

122 1440 209 1505 bastae,
225 1440 285 1488 hasta
296 1441 355 1488 ferro
366 1440 484 1500 instrudta,
500 1442 538 1489 seu
549 1441 621 1504 gladio
632 1455 654 1489 et
664 1442 737 1502 hasta,
749 1445 849 1509 adeoque
865 1449 923 1497 bene

122 1517 224 1553 armatus.
260 1503 314 1553 Vid.
336 1505 408 1568 quoad
429 1505 637 1570 phrafinrespectu
663 1506 775 1570 spinarum
795 1510 839 1573 jes.
861 1512 923 1561 VH:

121 1581 200 1629 βαρ-εἰ
207 1569 311 1625 XXVII:
328 1568 363 1634 4.)
380 1580 400 1617 et
415 1572 464 1632 igne
481 1572 624 1618 rnrrrbrrrrnrnr
641 1569 719 1634 (instar
734 1571 845 1634 spinarum
862 1578 924 1626 evui-

119 1632 210 1692 ³sarurn,
233 1631 354 1695 pleniffinte
375 1633 542 1693 exscindentur,
564 1650 616 1682 cunt
640 1635 801 1685 ntaledietionis
832 1639 924 1690 divinae

120 1696 201 1758 signis,
216 1696 288 1743 subito
305 1709 327 1743 et
343 1712 394 1743 curn
404 1697 497 1759 stridore
506 1697 612 1760 strepere)
646 1698 745 1747 Additur
761 1702 848 1761 mida,
865 1721 923 1766 quae

121 1773 181 1816 vost,
198 1758 214 1804 fi
231 1758 318 1819 exseq.
335 1759 399 1806 versu
409 1774 454 1804 non
470 1758 595 1819 irrepserit,
613 1759 713 1820 adeoque
727 1762 763 1807 bic
778 1767 866 1813 exulare
881 1768 920 1821 def

119 1823 182 1880 beat,
204 1818 259 1867 mibi
274 1819 362 1868 ridetur
383 1821 541 1869 commutanda
556 1836 608 1869 curn
623 1823 701 1875 ΠΜ
715 1823 740 1871 in
751 1829 854 1877 aridiore
862 1830 919 1894 stre·

118 1898 171 1948 pern
197 1895 219 1930 et
245 1883 425 1932 consternatione
450 1885 560 1945 confusa,
586 1901 641 1949 quae
666 1887 797 1950 significatio
819 1893 852 1941 est
873 1897 920 1946 rad.

120 1950 169 2004 tn:
184 1949 245 2008 Wl
260 1960 282 1994 et
297 1951 345 1997 wll*
361 1949 427 2013 Quod
443 1949 592 2004 combustioni
607 1949 719 2013 spinarum
734 1953 795 2001 redte
811 1957 921 2025 additur.)

121 2014 198 2065 Solent
219 2011 382 2076 quidern'baec
403 2014 471 2062 verba
491 2014 517 2061 ad
538 2013 610 2062 hostes
632 2026 654 2062 et
679 2016 832 2078 persecutores
857 2026 923 2090 regni

121 2078 215 2136 Meffiae
230 2076 313 2124 directe
329 2077 447 2141 applicari,
465 2090 487 2125 et
502 2077 606 2141 restringi
622 2079 648 2126 ab
659 2078 829 2144 interpretibus,
846 2086 883 2136 sed
895 2105 924 2139 ex

120 2141 250 2206 hypothesi,
262 2153 334 2190 totum
345 2143 388 2189 boc
398 2141 504 2190 nitinuun
514 2142 609 2193 Davidis
620 2142 751 2194 vaticinium
767 2148 794 2196 ad
805 2150 923 2216 taeniam,

121 2208 212 2270 ejusque
227 2219 334 2270 regnunt,
351 2206 433 2254 diredte
449 2218 472 2253 et
487 2206 553 2255 unice
568 2207 708 2256 referendum
726 2210 782 2270 effe,
799 2230 865 2276 quarn
881 2218 924 2265 rni-

119 2286 162 2318 nus
172 2286 249 2318 verant
264 2281 286 2317 et
302 2270 415 2319 subiestam
427 2270 470 2318 esse
481 2271 567 2321 censeo.
599 2271 700 2320 Pertinet
711 2273 770 2321 enirn
782 2279 808 2324 ad
820 2280 923 2331 Dornurn

119 2333 215 2381 Davidis
231 2334 254 2382 in
269 2348 402 2399 perpetuum
417 2335 602 2399 ger‘rninaturarn,
624 2336 743 2385 secundum
759 2341 806 2388 Dei
827 2346 923 2407 prornis-

120 2394 168 2441 surn
191 2399 274 2446 tSarn.
296 2402 352 2449 VH.
374 2400 413 2464 ipsi
431 2398 529 2459 fadturn,
558 2402 629 2448 donec
649 2400 754 2449 Meffrarn
773 2410 920 2469 produxerit3

119 2457 219 2521 adeoque
228 2461 327 2519 primunr
336 2464 509 2574 inplernentunp
514 2464 537 2510 in
552 2480 621 2528 regno
632 2465 756 2516 Salomonis
762 2506 769 2530 ,
786 2483 809 2518 et
818 2473 920 2521 uitnnnn

524 2541 540 2587 4
895 2537 920 2586 in
