2173 2960
152 173 186 229 78¹
382 168 480 217 Illctlrrdl
494 165 630 230 Pruplrrtirur
645 167 702 231 Part
718 166 754 216 II.
817 197 819 199 v
840 194 842 198 ν

151 289 278 334 Comment.
296 286 390 349 petenda
404 287 461 336 sunt
500 285 587 335 Nostro
607 285 709 335 instituto
728 287 821 347 sufficit,
842 287 957 340 criterium

151 349 240 398 Periodi
254 350 306 399 hinc
322 350 433 400 derivasse.
468 350 655 415 Propagationem
670 353 782 416 Euangelii
798 352 834 400 hic
849 354 955 417 depingi,

150 427 239 462 certum
255 415 299 463 eII:
311 418 369 463 'cum
385 429 459 464 autem
475 416 573 465 Christus
589 429 652 465 antea
665 418 711 481 jam
725 417 790 481 operi
811 416 957 478 incubuisset,

152 490 176 527 et
190 495 250 527 nunc
267 479 339 527 denuo
355 482 523 543 aggrederetur,
551 481 697 544 significatur,
720 481 743 529 id
764 498 819 546 opus
840 483 906 545 paulo
922 497 957 528 re-

152 543 236 591 nriffius
251 543 294 591 esse
310 544 396 604 actum,
412 559 437 592 ut
453 562 513 594 nouo
529 544 608 608 uigore
624 545 646 593 id
662 545 788 609 susciperet.
811 547 878 610 Quod
894 561 957 610 egre-

154 607 204 671 grie
224 623 275 655 cum
296 608 397 656 Historia
419 609 566 672 conjunclum
586 608 624 657 cll.
659 611 745 657 Primus
767 611 847 659 Christi
868 624 960 658 conatus

155 671 199 720 suit
219 670 247 717 ad
267 671 388 717 Ecclesiam
413 671 494 734 ubique
513 670 663 736 standandam:
685 672 762 735 postea
782 690 795 721 a
814 677 911 723 Nerone
931 673 959 721 ad

104 784 106 787 ,
155 735 259 796 scriptam
280 734 374 795 Apocal.
396 733 467 782 studia
487 734 577 782 suerunt
597 735 747 797 languidiora:
773 738 810 784 sed
831 754 891 786 nunc
907 753 960 785 cum

155 799 245 847 feruore
260 795 283 843 id
299 813 353 859 opus
368 797 528 858 resumeretur,
545 800 567 844 et
581 813 665 860 magno
681 799 779 846 successu
798 813 928 864 urgeretur3
950 817 962 849 a

155 878 200 927 quo
215 873 318 924 tempore
333 860 439 910 Periodus
450 861 615 925 Propagationis
626 861 743 924 Euangelii
758 868 878 927 praecipue
888 863 961 910 sume-

156 937 190 974 ret
204 923 301 972 iuitium.
335 926 497 989 Compledlitur
512 941 566 990 ergo
582 925 681 989 Sigillum
696 926 804 974 INotam
819 926 963 975 characteris-¹

157 987 328 1039 ocante-todi
345 1005 419 1049 tatur,
440 991 531 1054 ejusque
547 988 682 1038 adtributum
697 989 825 1040 dominans:
842 991 880 1055 qui
897 1006 963 1040 uetus

85 1065 89 1071 ’
158 1053 191 1103 est
207 1052 333 1116 Sigillorum
348 1053 434 1116 scopus.

192 1116 214 1183 §.
230 1117 339 1167 XLVIII.
384 1118 415 1167 Cl.
432 1115 612 1182 Vitringa,‘qrri
633 1116 749 1165 Emblema
766 1118 831 1181 hujus
851 1117 920 1183 Sigilli
940 1118 965 1168 in

160 1196 245 1247 genere
260 1182 370 1245 praeclare
385 1182 498 1246 exposuit,
519 1185 583 1229 etad
599 1182 656 1228 hanc
672 1180 742 1243 ipsam
757 1182 878 1230 Periodum
894 1183 964 1247 appli-

160 1245 221 1305 cuit,
243 1245 390 1294 charatlerem
405 1258 479 1294 tamen
499 1243 606 1308 temporis
627 1243 713 1307 quaerit
727 1244 752 1292 in
764 1247 872 1305 albedine,
889 1259 914 1294 ut
924 1249 965 1295 Pa·

162 1311 196 1357 cis
216 1308 293 1372 figno3
315 1310 357 1358 hac
377 1309 462 1358 ratione
482 1322 570 1368 tnotus;
596 1308 656 1371 quod
672 1306 771 1356 Christus
792 1321 841 1356 toto
858 1311 967 1358 Oecono-⁴

163 1373 222 1422 miae
238 1373 271 1422 N.
288 1386 389 1438 tempore
399 1374 515 1422 Mundum
527 1373 633 1421 uinceret.
662 1371 731 1418 Unde
741 1371 837 1435 colligit,
854 1372 897 1420 alio
909 1374 966 1421 Clta-
990 1385 991 1388 ’

163 1437 249 1485 tallere
263 1438 369 1500 temporis
385 1455 439 1501 opus
454 1436 537 1496 suill'e,
558 1452 603 1499 quo
618 1435 672 1482 illud
686 1433 831 1497 restringatur
846 1437 873 1484 ad
889 1436 966 1485 Perio-

164 1502 219 1549 dum
240 1502 258 1549 I.
279 1501 338 1565 quod
359 1502 431 1564 ipsum
451 1500 537 1564 quaerit
557 1500 580 1547 in
601 1500 658 1546 Pace
672 1497 710 1545 seu
725 1499 832 1548 albedine.
867 1502 895 1548 In
911 1501 968 1549 hanc

164 1564 299 1614 senteutiam
315 1564 359 1613 Vir
374 1565 471 1612 summus
487 1563 584 1627 delapsus
600 1577 647 1610 non
662 1560 750 1620 fuiffet,
766 1562 782 1609 st
797 1562 844 1622 illa,
860 1578 917 1626 quae
927 1579 969 1611 nos

164 1629 194 1677 de
210 1628 355 1676 Periodorum
371 1627 538 1676 Characleribus
554 1624 717 1683 domiuantibus
733 1624 863 1686 attulimus,
888 1626 930 1689 ipsr
945 1626 969 1674 In
1016 1678 1017 1682 ,

164 1703 264 1741 mentem
282 1691 398 1739 venissent.
431 1691 481 1753 Ipsa
495 1687 629 1752 Propagatio
646 1687 801 1736 Chara'sterem
812 1689 920 1752 temporis
931 1689 970 1737 de-

164 1754 222 1806 finit.
259 1754 357 1803 Christus
372 1753 463 1817 quidem
482 1753 570 1814 semper
590 1750 660 1808 ulcit3
680 1750 779 1797 sednon
794 1752 838 1809 ita,
859 1753 923 1802 utin
939 1767 969 1799 eo

166 1818 285 1867 Clraradler
301 1816 417 1866 dominans
437 1817 489 1865 srtus
510 1815 550 1873 srt;
572 1813 631 1878 quod
647 1812 683 1860 hic
699 1823 784 1861 tantum
800 1815 827 1863 ad
843 1830 891 1862 rem
907 1815 970 1865 facit.

166 1882 324 1947 Interpretatio
341 1882 375 1930 CI.
393 1880 513 1944 Vitringae
528 1890 551 1926 et
567 1878 613 1925 aliis
627 1878 710 1925 laborat
725 1877 902 1926 difficultatibus:

393 1945 423 1993 A.
445 1944 469 1992 Si
485 1945 547 2001 Pur,
569 1957 612 2005 qua
626 1940 724 1989 Ecclesia
740 1941 784 1989 fuit
804 1941 971 1989 aPersecutio·

169 2010 232 2058 nibus
248 2009 329 2065 libera,
345 2020 431 2070 tempus
446 2005 613 2070 Propagntionis
628 2003 758 2068 Euangelii,
774 2004 834 2068 quod
844 2004 882 2052 hic
893 2004 971 2067 depin-

171 2072 243 2136 gitur,
259 2066 352 2117 definire
363 2071 453 2126 debeam
470 2071 583 2118 Emblema
593 2069 663 2132 aptius
674 2068 808 2116 conveniret
818 2067 972 2132 temporibus,

173 2151 231 2200 quae
248 2131 418 2181 Constantinum
434 2133 470 2179 M.
487 2132 635 2193 exceperunt3
652 2132 695 2177 Sed
710 2142 732 2177 et
747 2132 809 2192 plura
818 2131 869 2179 talia
884 2143 972 2193 tempo-¹

172 2217 197 2248 ra
212 2199 314 2256 suerunt,
331 2195 410 2259 quibus
424 2194 523 2242 Ecclesia
538 2194 612 2256 gavisa
628 2192 660 2240 est
674 2208 743 2254 pace,
765 2206 787 2241 et
807 2194 973 2244 Incrementum

172 2263 236 2313 fecit.
270 2263 297 2309 Irt
312 2262 369 2309 Pace
385 2274 438 2322 ergo
454 2274 499 2306 non
515 2257 588 2321 potest
606 2254 647 2320 figi
665 2255 789 2320 Cltarasler.
934 2313 943 2328 ,

399 2325 423 2374 Il.
440 2322 557 2379 Periodus‚
574 2336 630 2385 quae
645 2318 713 2383 usque
728 2319 754 2366 ad
769 2320 868 2369 Decium
889 2321 973 2380 fiuxit,

173 2391 234 2439 Iruuc
250 2388 398 2435 characterem
409 2402 453 2436 non
465 2385 567 2435 admittit.
602 2382 765 2433 Persecutiones
775 2383 915 2447 particulares
925 2383 974 2432 sue-

172 2467 226 2506 runt
241 2452 290 2502 satis
305 2452 442 2516 frequentes:
459 2456 506 2502 nori
521 2449 613 2516 quidem
623 2449 713 2498 fuerunt
722 2459 756 2497 tot
767 2460 789 2498 et
800 2449 864 2511 tales,
880 2459 905 2497 ut
915 2460 974 2517 tern-
997 2478 998 2482 ,

245 2536 248 2542 ·
844 2531 846 2534 ·
916 2524 978 2576 ports
