2173 2960
173 210 209 262 De
219 208 290 260 naeth,
302 199 393 273 Qacst.
405 201 429 249 de
440 197 607 263 Anticliatrasl.
619 205 640 243 tt
648 192 732 272 pariaris
742 192 868 258 Antitlrrifl.
897 208 942 245 aar

258 305 261 319 l

137 382 179 417 nae
193 367 229 418 uel
241 363 309 414 Urbis
320 361 408 407 Romae
423 372 489 406 ueros
500 367 522 403 et
539 351 641 418 proprios
652 350 716 401 fuisse
727 349 841 411 domnos,
860 352 887 400 de
899 369 944 416 quo

137 445 211 480 tamen
226 422 332 490 disputari
346 420 426 486 potest.
461 420 505 468 Sed
521 420 618 474 hincne,
634 417 701 478 Papus
718 414 762 463 else
779 416 869 464 alteram
884 416 944 465 illam

137 496 231 544 Bestiam
242 484 443 553 Apocalypticam,
460 483 546 531 duobus
557 480 609 542 agni
624 480 727 527 cornibus
741 477 876 542 praedium,
893 497 944 528 cum

136 559 214 608 Doslo
235 547 309 617 aliquo
331 551 455 610 interprete
470 541 618 609 (briganam)
636 542 801 591 extundendum
818 542 867 589 est?
884 544 945 608 Quid

135 634 170 669 tot
191 615 355 667 territoriorum
376 610 482 659 Dominis
500 606 631 671 Episcopis‚
654 608 701 655 Sec.
724 607 754 655 X.
777 620 818 670 per
835 607 945 654 Ottonenr

136 682 246 731 introduci
257 677 355 741 coeptis,
367 688 422 723 tunc
432 674 516 722 facim?
534 674 637 734 Tantum
653 671 735 729 refert,
752 670 798 718 srve
810 671 839 718 ab
848 670 946 718 Ecclcsra

101 757 104 759 ·
135 738 234 802 alantur,
255 742 302 790 stne
323 739 424 805 proprias
440 737 601 803 possessiones,
618 733 763 798 Episcopatui
783 734 890 794 adnexas,
912 745 946 798 te7

135 819 215 866 neunt,
238 818 263 854 ut
282 821 337 854 mox
357 802 456 852 monstra
476 803 543 861 fiant,
569 799 608 862 qui
628 810 690 847 antea
703 797 807 860 legitimi
827 798 947 848 audiebant

134 870 258 934 Episcopi?
279 869 340 933 quod
359 883 403 916 nec
422 881 530 915 terrarum
552 860 649 911 Domini
665 878 707 911 nec
723 861 829 926 Episcopi
850 862 946 927 sejun'sti
979 896 980 900 ,

134 947 265 994 merentur,
285 933 339 981 illud
364 944 456 995 utraque
482 929 576 990 dignitas
602 925 627 974 in
648 941 693 974 uno
713 926 833 990 conjunsla
858 926 944 976 saciet?

136 1000 226 1062 Reges,
238 999 254 1046 fi
270 998 371 1061 sttpretna
381 998 403 1043 in
414 997 479 1043 rebus
495 990 608 1041 Ecclesiae
624 990 724 1038 curandis
734 990 880 1050 ausloritate,
897 991 945 1039 stne

126 1064 175 1116 ,hac
186 1063 319 1111 contumelia
326 1054 448 1120 sutanum,
465 1054 573 1119 Episcopi
590 1068 624 1099 res
639 1053 713 1101 civiles
729 1054 807 1116 insuo
827 1053 944 1103 territorio

134 1141 160 1173 ea
176 1140 227 1172 curn
242 1125 353 1187 potestate
369 1137 415 1171 nort
431 1130 537 1185 poterunt
553 1116 719 1176 administrare,
735 1116 791 1180 quin
805 1134 859 1168 atrox
876 1119 945 1167 Anti-

133 1187 211 1237 cbristi
226 1186 286 1236 sant?
363 1225 366 1229 .
484 1239 488 1244 f
519 1211 520 1214 ¹
666 1227 668 1231 ,
797 1185 798 1188 ’

168 1251 189 1316 s.
206 1252 236 1301 X.
367 1250 469 1309 Videtis,
486 1248 511 1298 ni
525 1264 563 1298 me
579 1249 654 1298 onmia
669 1246 756 1307 fallant,
773 1260 809 1306 et,
826 1264 855 1297 ne
866 1248 890 1312 in
902 1265 947 1298 vo*

136 1314 169 1363 bis
185 1315 211 1363 ad
226 1315 262 1374 id,
284 1314 351 1379 quod
364 1315 387 1363 in
408 1316 452 1363 hoc
473 1313 583 1363 sermone
597 1312 700 1361 direslius
726 1311 833 1371 intendo,
854 1328 948 1376 praepa

134 1378 221 1438 randis,
232 1380 341 1442 longiores
356 1395 431 1428 moras
445 1379 545 1436 traham5
562 1376 656 1438 vitieris)
673 1378 709 1425 uel
721 1392 814 1434 arranem
824 1377 886 1440 spem
897 1392 947 1440 gra·

135 1443 234 1489 viffimae
247 1442 380 1505 quaestionis
395 1442 506 1503 finiendae
522 1440 643 1502 decolass'c,
659 1443 695 1489 vel
711 1441 734 1488 in
751 1441 813 1489 aliam
830 1440 874 1488 esse
890 1456 945 1488 con·

133 1504 260 1568 jiciendam.
269 1506 378 1562 soranam,
395 1519 419 1555 et
432 1504 476 1553 alia
491 1505 599 1553 methodo
609 1505 770 1560 ventilandam
785 1542 787 1546 .
807 1504 947 1571 Quatn‘dunr

136 1584 210 1616 coram
226 1569 294 1617 oculis
311 1569 388 1618 vestris
403 1569 514 1632 explicare
525 1568 653 1631 adgredior,
671 1585 712 1618 uos
722 1569 811 1626 favete,
828 1569 946 1632 aequisque

135 1643 158 1679 et
174 1632 250 1681 animis
271 1645 293 1682 et
314 1633 400 1680 auribus
421 1632 509 1690 adeste3
531 1632 627 1696 utquid
648 1633 688 1680 bac
709 1632 732 1680 in
757 1633 820 1681 causa
842 1633 902 1680 resse
918 1633 945 1681 fir

133 1695 267 1758 petatium„
281 1696 363 1760 quidue
379 1695 458 1755 restet,
475 1695 603 1758 dijudicetis
627 1696 675 1760 ipss.
714 1699 828 1756 Primam,
851 1709 873 1743 er
893 1708 944 1742 ante

133 1757 208 1807 onmia
229 1760 308 1818 velim,
329 1773 354 1807 ut
369 1775 424 1807 mox
444 1760 467 1806 in
488 1774 536 1805 rent
557 1759 659 1819 ueniant,
681 1762 808 1823 ambagibus
827 1759 942 1822 praecisas,

132 1821 190 1869 inter
204 1823 338 1871 Anticlrristi
349 1822 484 1869 cltarasleres
495 1824 601 1884 negantes
611 1835 633 1868 et
644 1823 798 1882 adfirmantes,
814 1824 856 1869 rite
864 1823 943 1871 ¹dillin-

133 1885 185 1946 ¹aui:
208 1885 290 1933 deinde.
308 1884 428 1933 essentialia
449 1886 495 1946 ejus
516 1888 601 1933 caira-to
617 1887 681 1938 clare
692 1885 793 1945 definiri,
809 1898 832 1933 ct
848 1886 943 1934 demonss

132 1947 205 1997 strati:
226 1949 323 2013 denique
343 1964 372 1996 ex
387 1948 478 1997 historia
498 1948 608 1996 Ecclesiae
627 1948 680 1996 illud
701 1950 817 1998 hominum
834 1966 905 2014 genus
920 1949 945 2002 iu

133 2012 207 2062 lucem
222 2012 273 2072 edi,
286 2011 347 2076 quod
363 2011 500 2060 clraraeteres
515 2013 562 2060 illos
582 2012 614 2059 ita
635 2014 752 2076 exprelsrt,
773 2026 798 2061 ur
820 2028 843 2062 et
865 2030 946 2062 eorum

134 2085 262 2137 temporum
277 2075 379 2124 homines
394 2076 448 2125 illud
464 2075 574 2134 uiderint,
596 2088 619 2123 et
631 2093 709 2135 ¹nemo
730 2077 772 2124 nist
788 2089 826 2124 aut
842 2076 947 2127 historiae

132 2139 308 2203 impet·itus‚aut
320 2139 473 2203 Pyrrhonlsta,
486 2156 546 2188 nunc
558 2154 640 2202 negare
650 2152 724 2203 queat.
760 2141 901 2198 Cltaraslcres
912 2161 946 2191 ar-

134 2215 224 2265 gonam,
241 2219 336 2267 quorum
356 2220 381 2251 ea
402 2203 445 2250 estt
456 2215 546 2261 natura,
558 2215 605 2261 put,
622 2202 639 2251 si
660 2205 682 2251 in
699 2204 770 2268 aliquo
792 2205 944 2268 requirantur,

135 2283 187 2314 eum
212 2278 298 2330 negent
324 2266 369 2313 else
396 2265 561 2313 slnticlrrillum
587 2266 789 2330 Apocalypticum,
811 2269 827 2315 st
849 2270 946 2319 veroin

133 2330 207 2393 aliquo
227 2331 283 2388 sant,
300 2346 351 2378 enin
368 2330 468 2377 nondum
485 2329 591 2377 evincant
607 2329 662 2388 elle,
685 2330 711 2377 ad
732 2333 824 2392 locum,
843 2331 946 2398 ternpus,

134 2394 277 2454 religionem,
295 2395 390 2455 aliasque
407 2392 583 2454 circumstantias
598 2393 724 2457 pertinent,
746 2394 841 2459 sutnque
863 2413 891 2445 eu
912 2415 945 2462 gr.

135 2453 209 2501 sedem
221 2457 360 2513 Annei-nisti
377 2457 421 2503 elle
437 2456 541 2513 Roaiam,
557 2458 706 2519 professarum
722 2474 775 2505 emn
792 2460 836 2515 else
858 2463 944 2526 religio-

130 2526 187 2560 ·aenr
203 2518 361 2576 (luilliunam,
377 2516 414 2565 sed
431 2518 584 2631 snperllititpne
600 2521 717 2586 multiplici
733 2523 882 2585 violaturum,
898 2542 946 2585 non

552 2596 611 2647 ¹83
904 2589 946 2639 nist
