2173 2960
184 191 233 248 36‘2
400 183 499 234 Metleodi
513 181 649 246 propheticae
662 181 720 232 Pars
736 185 771 234 ΙΙ.

180 302 305 368 Religionis
322 301 420 352 studium
435 300 575 365 praeferens,
595 299 625 350 in'
638 300 731 367 jejuniis
750 302 858 353 continuo
879 317 937 368 erat,
958 320 985 357 ut

181 370 270 418 Rerum
280 369 369 417 suatum
383 364 541 431 perfeetiorem
551 364 732 430 instaurationem
742 367 924 432 consequeretur:
935 370 985 432 led,

183 447 237 481 cum
247 432 385 497 gravioribus
395 429 457 480 vitiis
467 431 586 491 laboraret,
600 429 682 479 frustra
696 431 830 493 lullabatur,
847 446 868 481 et
879 434 986 485 irrcrllum

181 505 298 560 emergere
308 495 422 554 studebam
439 494 476 544 cui
486 496 570 568 populo
580 493 634 543 vitia
644 493 681 543 sua
690 509 832 571 erpopuntur
842 495 864 545 in
875 498 920 546 hoe
930 499 985 562 Cap.
1009 547 1010 550 ,

181 577 237 626 quae
248 560 410 625 impediebant,
425 575 471 625 quo
482 575 555 607 murus
564 558 631 618 studii
641 560 708 623 Legrs
719 573 741 608 er
749 560 884 624 jejuniorum
894 561 985 611 suorum

181 625 268 673 fmulos
279 639 381 687 carpere,
397 635 419 671 et
429 624 452 672 iu
463 623 543 683 statum
554 621 657 680 felicem,
669 624 682 670 a
692 624 744 671 Deo
755 623 900 688 promillum,
912 640 983 673 emer-

181 703 235 760 gere
244 688 323 751 pollet.
345 687 408 751 Quae
420 686 495 734 omnia
505 684 582 734 exuere
592 685 729 733 conveniunt
745 687 765 735 in
778 689 881 738 Reduces
896 691 923 739 ab
932 689 986 738 Exi·

180 753 211 798 lro
222 752 296 813 Babyl.
308 762 333 798 ut
344 765 372 798 ex
381 750 499 813 Prophetis
510 751 630 812 Haggaeo,
642 748 709 797 Zaclr.
721 761 745 796 et
754 752 853 799 Malueh.
864 763 890 799 ut
900 765 923 800 et
931 754 986 802 His·

179 812 236 862 torio
252 814 352 862 Nehem.
369 825 392 860 et
403 812 496 877 Josephi
509 814 591 862 clarum
608 810 647 860 est.
680 813 707 860 In
715 811 790 883 specie
806 825 908 873 notetur,
928 816 993 864 Cha?

177 876 289 926 raclerem
304 876 372 925 status
387 878 497 925 reducum
512 876 568 936 elle,
594 890 646 924 cum
661 886 767 924 remutare
787 877 874 925 Rerum
897 878 985 930 suarum
1067 877 1069 881 ’

178 941 269 1002 iuuari,
286 953 309 989 et
323 940 362 1004 spe
376 939 504 989 feliciorum
519 953 646 1003 temporum
661 938 684 987 se
699 941 818 1000 continuo,
838 940 875 989 sed
890 942 985 1005 frustra,

178 1006 272 1066 lallare,
288 1020 357 1070 porro
373 1020 422 1052 eam
443 1003 614 1067 prosperitatem
630 1018 642 1050 a
655 1002 722 1067 Legis
736 1016 829 1053 externo
844 1003 931 1066 studio,
951 1008 984 1055 in·

178 1069 256 1133 primis
276 1069 337 1117 statis
359 1067 466 1132 Jejuniis,
487 1080 513 1116 ut
529 1067 562 1116 est
577 1065 645 1115 Zaeh.
662 1068 734 1126 VIII,
750 1067 884 1130 exspeolare.
919 1070 984 1120 Haec

178 1149 235 1181 vero
251 1149 297 1197 quo
311 1132 457 1184 fundamento
474 1129 502 1195 (li
518 1133 545 1180 ab
560 1130 678 1193 hypothesi
693 1130 823 1197 dllcell'erls)
846 1133 984 1197 applIcentur

178 1197 283 1245 Eculefiis
292 1195 478 1252 Protestantium,
494 1206 520 1242 ut
531 1194 583 1244 Viri
597 1192 628 1240 illi
638 1194 709 1243 Doeli
723 1195 821 1255 faciunt,
836 1196 891 1245 milri
905 1198 944 1247 vir
958 1198 983 1247 li·

177 1270 243 1323 quet,
260 1262 358 1308 maxime
371 1274 424 1308 eum
440 1259 546 1307 Solhorlri
567 1269 588 1306 er
613 1257 752 1306 haereditaris
777 1259 859 1320 Jacobi
884 1261 984 1326 exprello

178 1326 219 1372 fiat
233 1324 326 1373 mentio.
406 1363 419 1386 „

410 1386 441 1435 D.
454 1384 560 1449 Denique
581 1386 636 1447 Cap.
648 1385 702 1434 LIX
713 1397 762 1434 tum
777 1388 850 1452 major
860 1386 984 1452 corruptio·

178 1450 212 1500 nis
228 1452 319 1514 gradus,
335 1461 384 1497 tum
400 1448 504 1498 terribilis
518 1450 598 1512 Populi
612 1448 680 1497 totius
696 1449 809 1511 confusi-o,
830 1468 885 1515 quae
906 1454 934 1500 ad
949 1465 983 1501 to·

178 1515 247 1562 talem
262 1516 310 1578 ejus
324 1511 411 1561 ruinam
426 1512 523 1576 speilare
538 1512 666 1571 videbatur,
682 1524 730 1559 turn
745 1513 942 1579 hostium‘inpetus
960 1516 985 1565 in

180 1593 232 1638 eos,
248 1577 280 1626 ita
295 1576 449 1638 ut,omuibus
460 1577 536 1634 Rebus
547 1574 678 1638 desperatis,
695 1576 894 1627 exitusMulorum
914 1579 985 1628 nullus

178 1640 305 1700 videretur,
328 1654 376 1688 tum
396 1639 527 1688 miraculosa
547 1639 626 1702 Populi
647 1638 693 1686 Dei
714 1640 838 1700 Liberatio,
858 1658 898 1704 per
913 1642 984 1705 ipsum

178 1705 257 1752 Deum
271 1704 402 1762 efficienda,
417 1703 475 1753 vitris
491 1701 618 1765 depingitur
633 1702 750 1750 coloribus.
784 1706 810 1752 In
826 1707 902 1769 quibus
913 1705 985 1754 orrmi·¹

179 1769 220 1828 bus
236 1767 267 1816 nil
282 1768 326 1827 est,
340 1767 403 1831 quod
418 1767 443 1815 iu
460 1767 575 1828 Tempora
584 1764 728 1829 ,Epiphaoieu
743 1778 766 1813 et
781 1769 924 1818 Maccabaiea
939 1784 985 1818 non

179 1831 257 1881 exalte
276 1832 376 1896 quadrat.
409 1831 440 1877 Et
459 1828 509 1878 alibi
530 1828 588 1891 apud
608 1829 679 1892 ipsum
700 1827 792 1892 Jesaiam
807 1832 836 1880 de
850 1834 986 1897 temporibus

178 1895 220 1944 illis
234 1895 298 1944 simili
311 1895 382 1943 morlo
398 1893 483 1957 agitur,
497 1904 525 1939 ut
538 1893 595 1954 Cap.
613 1891 835 1958 XXIV···XXVII;
857 1897 912 1945 item
929 1899 983 1959 Cup.

180 1960 265 2008 LXIII:
285 1976 306 2009 t.
340 1959 371 2007 Et
383 1958 437 2020 Cap.
449 1957 519 2006 LXV
531 1967 555 2003 ut
566 1957 660 2015 LXVI,
676 1968 701 2004 ut
712 1956 739 2004 ad
755 1975 781 2007 ea
791 1960 853 2008 Loca
865 1973 881 2008 u
896 1962 929 2010 el.
942 1960 984 2009 Vi-

181 2022 257 2084 rtioga
275 2023 323 2071 fuse
344 2035 367 2070 et
386 2021 482 2070 feliciter
503 2018 628 2083 expositum
649 2020 688 2070 est.
717 2018 783 2085 ‘Quid
803 2021 883 2085 igitur,
900 2036 987 2088 praeter

181 2081 340 2185 Hyppthefin,
364 2095 406 2132 'nos
427 2086 464 2132 hic
482 2084 583 2145 cog-itare
601 2085 665 2150 jubet
690 2085 717 2133 de
738 2084 848 2135 Eccle'lris·
861 2087 986 2137 Protellutr-

177 2162 248 2199 trum.
980 2170 981 2173 ¹

213 2213 233 2277 ᾗ.
251 2212 332 2260 CXLI.
407 2209 440 2257 Ut
460 2207 533 2271 itaque
555 2208 648 2256 Nexum
668 2211 770 2259 omnium
790 2213 867 2261 lterum
887 2215 986 2263 Fortium

182 2276 220 2325 hie
231 2275 356 2340 triplicem,
367 2285 468 2323 mentem
485 2271 551 2335 puulo
570 2270 647 2319 elutius
658 2274 780 2335 exposuiffe
794 2277 885 2338 juvabit.
993 2291 994 2294 ¹

318 2390 319 2393 Ἴ
409 2346 436 2393 Ν.
453 2335 603 2399 Pericoprm,
630 2348 690 2398 quae
711 2339 764 2400 Cup.
780 2337 849 2387 LVI:
869 2344 912 2390 8---
931 2342 983 2405 Cap.

181 2404 259 2454 LVII:
279 2417 300 2450 2.
316 2402 425 2458 occurrit,
442 2402 512 2449 Iubeo
527 2415 570 2463 pto
585 2399 681 2462 generali
696 2401 849 2467 Proposrtioue
863 2414 909 2451 tum
921 2406 985 2453 Libe·

180 2466 273 2519 tationis
288 2464 369 2530 Populi
383 2481 394 2515 a
406 2464 577 2518 ,cuamttaobus
594 2476 635 2527 per
654 2463 738 2514 Hostes
758 2464 906 2528 intloceudis3
937 2482 986 2518 tum

937 2548 985 2582 eor-
