2173 2960
145 160 176 227 ΞΔ,
375 162 475 214 nteriori
490 161 629 226 Ptoplrelitne
644 161 701 213 Part
718 166 739 216 I.

146 282 255 341 tendens,
273 293 299 330 ut
315 280 478 333 OEconomiae
492 282 525 332 V.
543 294 654 348 perpetua
669 299 722 331 cum
733 282 783 331 sede
799 282 846 348 ejus
859 283 968 336 Hieroso·

144 351 205 397 lma
228 347 317 396 duratio
338 348 367 396 ad
388 346 493 395 Melitam
516 363 599 412 usque,
622 346 714 414 ejusque
735 348 922 409 fundamentum,
940 352 968 400 ad

145 366 287 473 litmaretur,
302 411 451 462 alterumi‘ilii
461 411 527 476 ipsius
537 413 677 476 Prophetae,
689 429 756 478 quem
767 413 842 462 seeum
854 413 931 473 duxit,
945 429 969 464 nt

145 478 179 527 est
201 479 260 528 vers.
286 495 307 541 3.
330 495 357 526 eo
374 477 507 537 collineant,
529 489 554 526 ut
570 479 613 525 cita
629 477 742 536 ,liberatio
763 478 935 543 Hierosolymae
956 495 968 527 a

146 543 265 609 praesente
291 542 433 592 infestatione
453 542 526 590 hostili
547 542 763 606 repraesentaretur,
791 560 835 609 quo
856 543 970 608 pertinent

148 608 206 658 vers.
226 623 255 668 15
273 620 296 654 et
314 612 351 656 16.
374 608 412 671 qui
426 606 535 671 jungendi
551 606 619 667 srmt,
632 619 655 655 et
676 609 703 655 acl
719 608 780 656 illum
797 608 880 673 Jesaiae
896 608 968 657 filium

147 675 215 722 unice
231 671 360 730 referendi,
375 672 408 719 nti
426 686 454 718 ea
471 669 528 720 vers.
543 677 573 720 16
591 671 628 719 ubi
644 683 712 736 amn
728 673 859 736 adpellatur,
881 686 904 721 et
920 689 969 737 cap,

150 739 219 787 Vlll:
241 752 264 797 4.
286 748 372 799 patet.¹
399 735 467 804 Quod
484 735 562 784 clarius
578 735 724 798 conspicitur,
746 738 763 785 li
784 750 831 787 vox
847 751 913 800 ψη
929 736 970 787 sta-

147 815 223 851 tuatur
238 801 289 849 loco
309 812 387 860 mota,
409 800 490 850 comed
506 811 528 848 et
544 800 595 864 post
610 787 661 860 ¹731*
676 814 698 849 et
714 801 770 850 vers.
790 816 827 860 15.
843 815 947 865 ponatur.
981 850 983 852 .

383 865 406 921 β.
425 864 483 931 Quia
500 866 592 913 Messias
612 867 670 912 inter
692 866 788 928 Judaeos
809 867 875 914 inea
897 868 971 918 Terra

149 931 266 980 Cananaea
283 929 410 992 degentes,
432 930 512 994 abique
535 941 560 977 ut
581 946 667 979 novum
689 930 786 978 Exilium
802 929 971 992 intercederet,

148 1005 281 1060 appareret:
304 994 405 1042 Exilium
419 995 503 1058 ,Babyl
526 1008 647 1058 propterea
664 995 814 1044 consideratur
831 1008 856 1044 ut
871 996 972 1051 medium

75 1065 76 1068 ’
150 1064 240 1110 tiranno
256 1074 380 1119 annorum,
397 1059 488 1108 Habalr.
507 1060 548 1107 lll.
565 1060 588 1107 in
604 1060 676 1108 initio

160 1162 161 1166 ,
387 1144 408 1186 y.
427 1121 487 1188 Quia
502 1124 601 1172 Ecclelia
612 1124 704 1188 Judaica
719 1124 770 1188 poll
781 1125 878 1175 Exilium
893 1126 974 1177 sensim

149 1202 321 1256 praepararetur
338 1189 365 1238 ad
382 1189 479 1236 Meffiae
495 1189 631 1248 adventum,
649 1190 717 1237 titali
734 1205 761 1237 eo
778 1204 882 1255 tempore
898 1193 974 1241 omnia

152 1257 203 1307 fere
218 1255 321 1319 spatiare
337 1255 453 1317 coeperint
469 1253 496 1302 ad
513 1252 618 1301 illustrem
635 1253 850 1315 illum'adrentum,
868 1268 890 1304 et
900 1258 977 1321 Popu-

152 1322 200 1369 lum
217 1318 408 1385 praeparaverint.
432 1317 471 1384 (Ι)
484 1319 581 1381 Populus
592 1333 633 1383 per
645 1316 742 1366 Exilium
751 1319 798 1383 jam
809 1333 916 1384 purgatus
927 1336 975 1371 erat

153 1387 180 1435 ab
197 1383 260 1435 enini
278 1384 402 1432 Idololatria
419 1396 441 1430 et
458 1383 485 1431 ad
503 1383 580 1431 Deum
601 1382 735 1441 conversus,
757 1384 858 1449 adeoque
874 1386 974 1435 martimo

141 1453 198 1498 ,hoc
214 1450 311 1497 Melitae
327 1448 441 1496 Beneficio
458 1462 504 1495 non
520 1447 634 1511 indignus.
671 1446 709 1511 (a)
727 1448 830 1496 Studium
848 1451 915 1514 Legis
931 1452 974 1499 flo-

153 1527 215 1563 reret
225 1513 302 1576 magis.
339 1511 379 1577 (3)
398 1513 474 1561 Gratia
491 1513 530 1575 Sp.
548 1512 563 1560 s.
581 1511 683 1560 illustrior
694 1512 766 1570 ioret3
784 1513 976 1579 Dotioresinsrg·

157 1595 198 1629 nes
220 1578 305 1642 Spiritu
325 1578 371 1625 Dei
392 1576 483 1624 animati
498 1575 657 1624 excitarentur.
694 1576 733 1641 (a.)
755 1578 889 1642 Synaoogae
905 1579 976 1641 erige·

155 1656 247 1701 rentur,
264 1642 377 1707 inquibus
393 1641 525 1705 spiritualior
540 1641 651 1688 obtineret
668 1641 753 1690 Cultus.
795 1642 820 1706 (5
857 1644 979 1707 Regimine

155 1707 312 1758 Monarcliico
328 1707 424 1764 abolito,
442 1707 519 1754 Duces
534 1704 692 1763 succederent,
714 1704 736 1752 in
752 1706 829 1770 quibus
845 1707 890 1754 Dei
907 1708 976 1770 Regi-

153 1789 219 1832 men,
238 1783 263 1817 ut
279 1771 345 1827 olim,
368 1770 446 1817 clarius
462 1769 565 1813 eniteret.
600 1768 700 1813 Ecclesia
714 1770 789 1830 itaque
809 1770 861 1832 poll
877 1771 978 1820 Exilium

153 1840 184 1887 ita
199 1835 365 1892 institueretur,
382 1845 408 1881 ut
424 1831 452 1880 ad
468 1830 565 1878 Melitae
576 1829 748 1878 OEeonomiam
764 1832 858 1894 propius
881 1834 975 1883 aceede-

154 1916 202 1951 ret:
219 1915 277 1965 quae
292 1911 315 1945 et
331 1898 401 1944 Ratio
417 1895 463 1953 est,
485 1893 522 1941 sed
543 1895 614 1957 probe
635 1894 746 1953 notanda,
773 1911 840 1959 quare
860 1898 977 1949 Plrrasrbus

155 1967 236 2015 iisdem
253 1962 281 2009 de
296 1960 440 2008 Liberatione
456 1957 536 2021 Populi
553 1970 575 2005 et
586 1957 714 2007 conditione
724 1958 776 2023 post
787 1960 896 2024 Exilium,
913 1974 978 2012 ntan-

158 2044 196 2080 tur
213 2025 353 2089 Prophetae,
375 2025 452 2088 quibus
469 2023 618 2071 OEeonomia
639 2023 710 2072 Noua
730 2023 872 2086 describitur,
894 2029 978 2093 qnippe

158 2109 217 2160 quae
239 2090 330 2138 Phrases
350 2089 544 2149 complementum
565 2087 676 2136 haberent
692 2088 714 2135 in
732 2090 880 2139 OEconomia
896 2093 976 2144 Noua.

160 2157 229 2208 Conf.
241 2153 284 2219 Jes.
299 2154 344 2204 lV:
358 2168 380 2202 2.
401 2152 519 2200 XXVlll:
532 2165 554 2208 5,
567 2156 589 2198 6.
612 2152 703 2201 XXlV:
717 2166 755 2214 23.
772 2155 923 2217 XXXll215,
936 2174 976 2210 20,

163 2220 277 2273 XXXlll:
295 2235 333 2268 22.
356 2219 439 2281 Jerem.
453 2216 568 2263 XXXVI:
584 2221 621 2267 28.
643 2216 726 2263 Ezecli.
744 2219 977 2284 XXXth11---17,

162 2286 282 2338 XXXVl:
301 2289 403 2346 aru-38.
426 2281 554 2332 XXXVII:
572 2295 601 2328 21
613 2279 672 2346 seqq.
695 2279 767 2331 Miclr.
785 2285 815 2333 tt:
836 2301 873 2347 13.
895 2286 975 2337 Amos.

162 2354 204 2404 lX:
223 2355 238 2400 6
254 2362 277 2398 et
293 2346 349 2399 alibi.

193 2420 215 2485 ᾗ.
233 2415 323 2464 XXlX.
392 2427 411 2461 a.
428 2411 528 2480 Qorto,
541 2425 574 2458 ne
589 2409 718 2472 Prophetias
734 2409 761 2458 de
777 2413 841 2460 Statu
858 2413 977 2465 Reducunt

156 2481 289 2550 magnificas
305 2478 412 2544 peruerse
426 2477 615 2541 interpretemur,
632 2490 657 2523 ac
673 2475 689 2523 fi
700 2492 726 2525 ea
742 2478 839 2527 conditio
856 2495 910 2527 nior
926 2479 978 2541 post

882 2543 980 2592 Exilium
