2173 2960
140 199 167 251 >q
192 203 236 254 248
357 196 380 240 ,“
428 189 498 239 Serius
513 191 653 258 Academicus
673 193 764 241 Turius.
819 229 834 249 Ἴ.
852 243 874 249 ¹,
895 235 901 246 „

177 291 188 323 s

194 348 305 398 odiosrsve
316 344 541 411 norninibus,ineptis
551 345 877 408 narratiunculis,mordacibus
888 346 999 408 disseris,

191 413 284 477 aliisque
299 413 369 461 tundis
385 412 436 470 lint,
452 422 477 459 ut
498 410 614 459 bominum
634 412 702 460 animi
723 428 771 460 eam
786 411 918 461 horrescant.
953 413 997 460 Sed

192 478 240 542 quis
256 493 336 525 ornnes
352 475 438 523 fraudes
453 474 605 523 enarraverit?
745 525 752 532 ,

204 584 206 587 ,
227 541 248 605 q.
265 541 332 589 Vlll.
425 540 523 590 lsinlurta
540 537 672 602 religionem
687 539 819 588 defendendi
835 551 857 586 et
867 540 994 601 provehen-

193 606 230 665 di,
246 603 396 666 diversamque
411 601 542 661 subruendi,
558 603 686 663 methodus,
701 621 757 669 quae
772 604 893 652 inrrnmcris
914 603 996 651 fraudi-

195 671 236 718 bns
250 683 339 732 quoquc
354 666 460 714 carnitata
475 666 570 724 incedit,
586 666 708 728 alcgitirna
719 670 766 730 ejus
776 669 856 726 tutela,
872 683 924 714 cunr
934 668 994 715 dant*

195 748 225 781 no
240 732 294 779 licet-
308 728 575 785 uiolentorumlrollinnr,
592 727 629 791 qui
648 729 671 776 in
688 746 737 777 earn
758 732 865 793 impeturn
891 732 995 790 faciunt,

193 794 326 857 conjunbiu,
355 793 447 839 omnino
471 790 601 853 separanda,
623 807 706 838 ornnes·
723 794 769 840 illas
789 795 922 858 lautissimus,
939 810 996 856 quae

196 858 283 905 debitae
294 854 403 912 libertati,
420 867 442 902 et
457 870 524 903 verae
539 853 700 913 conscientiae,
717 856 764 904 vim
780 857 892 914 iruerunt,
914 856 999 904 ambitu

192 922 232 969 stro
249 920 362 977 continet,
379 917 456 982 quibus
473 919 508 966 vel
524 918 560 965 via
575 919 601 964 ad
617 919 733 967 veritatem
750 920 927 982 cognoscendam
947 919 996 968 nni·

195 1000 222 1032 ce
238 996 288 1047 apta
304 982 438 1041 obstruitur,
454 984 488 1032 acl
508 981 539 1029 ita
554 980 648 1029 difficilis
669 995 691 1028 et
705 983 827 1046 periculosa
842 983 958 1043 redditur,
974 995 999 1031 ut

195 1048 233 1096 alii
248 1049 274 1095 ab
291 1063 316 1110 ea
331 1046 504 1105 absterreantur,
521 1047 554 1094 aul
568 1045 667 1094 veritatis
683 1046 771 1109 agnitae
786 1046 877 1095 intimus
898 1048 936 1095 vix
950 1047 998 1094 sen·

194 1111 243 1171 sus,
260 1111 344 1159 nedum
359 1109 477 1173 professio,
496 1110 624 1174 relinquitur
643 1109 711 1156 libere
731 1123 754 1157 et
772 1111 876 1174 impune,
897 1114 931 1161 vel
945 1110 999 1160 fidei

195 1174 293 1239 denique
307 1187 331 1222 et
346 1173 470 1235 religionis,
492 1190 535 1238 qua
555 1188 596 1220 uec
616 1172 700 1221 civitati
720 1190 762 1222 nec
778 1176 825 1236 ejus
840 1175 944 1222 membris
959 1190 999 1222 no-

196 1252 260 1298 cent,
279 1236 325 1286 live
341 1224 417 1295 causa,
438 1237 485 1284 sive
504 1247 634 1298 praetentu,
651 1236 756 1284 hostiliter
772 1237 906 1285 invaduntur
921 1250 944 1285 et
959 1254 999 1301 op·

196 1303 337 1367 pumuntur,
354 1301 401 1350 sive
414 1300 513 1360 insama
528 1312 551 1347 et
566 1299 663 1358 lronorc,
680 1299 727 1347 sive
744 1300 818 1359 bonis,
840 1301 886 1349 live
900 1300 1000 1364 personis

197 1367 239 1417 suis
255 1381 295 1429 per
310 1364 385 1423 casilia,
401 1379 513 1421 carceres,
529 1375 641 1410 tormenta
652 1375 675 1409 et
690 1365 775 1412 caedes.
808 1366 833 1412 ln
846 1363 925 1428 quibus
935 1380 997 1413 enar-

200 1430 273 1478 randis
288 1429 304 1476 sr
322 1427 404 1476 versari
419 1428 513 1486 vellem,
529 1426 667 1482 circuitum
683 1426 790 1491 reperiret
811 1428 889 1476 oratio.
922 1430 1001 1478 Nemo

197 1495 264 1542 etiarn
279 1491 391 1551 vestrum,
408 1493 501 1554 opinor,
518 1491 547 1539 A.
560 1502 633 1538 tantrrs
647 1490 680 1537 est
695 1489 718 1538 in
728 1490 789 1539 Hist,
806 1492 889 1541 Eccles.
906 1492 1000 1558 hospes,

139 1571 141 1574 ·
198 1570 246 1606 tarn
266 1555 386 1605 incredibili
407 1556 535 1602 societatum
555 1552 737 1616 persecutricinm
757 1555 840 1602 laborat
860 1553 1004 1619 ignorantia,

197 1621 297 1687 jurirrm,
312 1617 496 1682 privilegiorum,
518 1615 665 1664 conscientiae
688 1628 711 1663 ct
731 1616 849 1677 libertatis,
865 1618 943 1682 quibus
961 1633 1003 1667 nec

198 1684 275 1749 potesl
294 1699 336 1730 nec
357 1682 422 1729 debet
441 1681 581 1739 renunciare,
596 1680 652 1727 adeo
667 1679 793 1743 imperitus,
814 1691 910 1730 tantove
926 1698 1004 1739 eorum

200 1758 319 1811 contemtu
331 1745 442 1804 ducitur,
468 1757 493 1792 ut
509 1745 543 1792 vel
559 1742 613 1806 quid
632 1743 660 1790 stt
673 1743 697 1792 in
717 1759 740 1792 re
759 1744 870 1808 religionis
885 1746 1003 1806 violentia,

198 1813 236 1862 vel
250 1821 358 1875 quantum
378 1823 431 1856 cum
453 1809 499 1871 ejus
521 1805 620 1854 studiosrs
634 1806 721 1869 gellium
741 1808 768 1856 stt
788 1811 814 1856 ab
829 1809 1005 1859 Anticltristianis

197 1889 220 1925 et
236 1872 329 1937 Paganis
344 1873 437 1929 bellum,
453 1871 525 1934 ipsunt
540 1870 616 1932 fugiat.
651 1871 688 1935 De
703 1887 748 1934 qno
763 1872 818 1920 alias.

199 1977 203 1983 .
233 1939 254 2004 s.
271 1938 312 1987 IX.
427 1937 454 1994 In
470 1937 510 1984 bac
527 1935 664 1982 fraudulenta
684 1947 706 1981 et
728 1935 825 1984 violenta
841 1943 892 1986 curn
906 1938 1004 1988 homini·

197 2005 239 2053 bus
255 2001 335 2066 agendi
351 2001 436 2049 ratione
451 2000 489 2047 ubi
504 1998 622 2062 proprium
638 2000 729 2048 Satanae
748 2000 791 2048 lrac
808 2012 871 2063 parte
892 2002 1003 2051 cbaratle-

131 2122 133 2129 ,
200 2083 249 2114 rem
269 2066 367 2125 colloco,
390 2080 437 2112 non
457 2062 516 2111 illud
531 2075 619 2110 tantuna
633 2063 699 2121 volo,
715 2062 768 2111 nibil
789 2064 869 2113 Divini
884 2065 1005 2115 humanive

133 2130 138 2144 *
197 2146 250 2185 earn
266 2129 358 2185 babere,
375 2131 510 2190 Satanaeque
520 2124 589 2174 indoli
599 2126 660 2174 redte
676 2127 811 2186 convenire,
827 2128 1005 2179 sedunensium

197 2206 222 2242 et
231 2190 433 2240 clraradterill'cam
442 2191 489 2249 ejus
499 2191 627 2249 qualitatem
637 2191 761 2251 absoluere,
773 2207 869 2255 eumque
877 2202 902 2241 n.
909 2193 930 2241 id
942 2209 1004 2257 prae·

145 2292 147 2297 .
199 2257 266 2320 cipue
281 2254 305 2302 in
322 2253 428 2314 religione
443 2251 571 2308 intendere,
587 2251 610 2297 id
625 2253 649 2298 in
664 2252 742 2312 primis
757 2255 842 2311 moliri,
859 2270 903 2302 non
920 2267 965 2302 tam
980 2265 1005 2302 ut

198 2322 256 2369 nulla
271 2319 312 2365 vel*
322 2317 374 2365 salsa
391 2317 477 2378 vigeat,
496 2330 563 2378 quant
579 2325 603 2360 ut
619 2315 667 2375 ejus
682 2314 745 2361 carus-a
765 2316 801 2360 vel
821 2328 936 2377 praetentu
955 2333 1004 2381 par-

198 2385 241 2432 tim
257 2381 302 2429 sese
317 2382 379 2429 omni
391 2382 437 2445 ejus
450 2378 525 2427 trouu
536 2377 637 2440 privent,
654 2392 744 2424 onmem
756 2376 802 2425 viru
817 2393 936 2439 enervent,
953 2398 1002 2442 par-

197 2449 240 2496 tim
251 2445 295 2494 sese
305 2446 387 2492 mutuis
397 2442 464 2500 odiis,
481 2441 589 2500 discidiis,
607 2440 759 2490 iterationibus
775 2453 798 2488 et
813 2442 915 2492 caedibus
926 2444 1005 2494 discer-

195 2522 264 2578 pant,
280 2509 303 2558 in
325 2509 414 2573 propria
436 2507 520 2557 viscera
540 2506 650 2566 laertiant,
672 2517 694 2554 et
710 2505 734 2554 in
750 2505 844 2555 exitium
860 2509 1008 2575 praecipitent

202 2572 205 2576 ’
351 2578 353 2580 ’
893 2608 900 2615 »-
937 2574 1010 2625 miseri
