2173 2960
180 128 225 176 160
409 123 506 172 Merhodi
522 122 658 186 Prophetitat
672 125 729 177 Pars
745 125 779 173 II.
815 163 817 166 ,

176 245 253 293 ocutos
269 239 368 306 ponitur.
403 243 477 303 Hujus
497 243 670 307 Hypotheseos,
691 259 758 307 qutun
775 244 806 293 Ch
831 244 939 310 Vitringa
958 245 982 294 in

178 308 292 355 ehriffinra
313 307 429 354 eohoenuit
449 306 510 366 luce,
527 308 571 354 duo
592 306 641 355 sunt
660 308 821 357 fundamenta:
845 312 940 357 ‚alterurn
959 315 982 358 'in

179 388 239 421 nexu
259 387 312 419 curn
333 371 403 433 super.
422 371 486 432 Copp.
504 371 629 420 alrernna‘in
641 372 761 436 magnifica
771 373 879 420 Ecclesiae
889 373 983 436 descrip-

179 436 243 485 tione
260 438 314 499 Cap.
337 436 385 482 LX.
425 434 515 482 Verum
533 437 594 498 prius
615 436 784 485 fundamentum
804 452 845 499 pro
865 436 983 500 hypothesi

179 501 259 559 hahet,
277 498 407 547 contionem
422 498 529 561 Prophet.
546 500 728 562 praecedentem,
744 516 799 564 quae
814 502 914 548 omniurn
930 516 984 548 con·

180 565 245 615 sensu
263 565 289 611 de
300 561 397 609 Ecclesia
409 562 441 609 N.
454 563 484 611 T.
497 562 555 625 egit,
572 564 696 611 continuari
709 582 730 613 v.
746 572 758 617 8
770 565 828 627 sepo.
847 567 902 627 Cap,
914 565 981 612 LVI.

182 630 226 677 Sed
244 629 297 674 haec
312 626 450 689 Hypothesrs
470 625 570 683 corruit,
594 627 685 676 hnoua
706 628 742 676 hie
762 634 868 676 r‘hrttratur
887 628 987 691 incipere

183 692 270 740 Concio
286 690 429 754 Propheriea,
450 690 510 753 quod
525 704 594 753 aeque
613 689 678 738 sutile
698 690 763 738 stertui
779 693 863 755 potest,
886 692 987 756 acquod

182 755 338 805 continuetur:
354 753 401 802 irno
417 754 485 802 Ratio
500 751 595 816 suppetit
606 769 652 801 non
667 753 788 817 spernendo
803 760 845 817 p‘ro
860 772 919 804 noua
930 759 988 802 Con-

183 822 266 877 cione,
295 832 343 866 turn
357 816 418 880 quod
439 834 462 867 u.
486 815 507 869 8.
528 815 620 880 incipiat
639 832 691 865 cunr
711 817 789 865 usitata
804 820 907 866 horrula
922 819 990 866 Dr'air
1019 862 1020 867 ,

183 885 283 948 Jthorn,
299 896 354 945 quae
371 881 522 930 Concionibus
536 881 639 943 Prophet.
655 881 720 944 saepe
735 882 849 943 praemitti
863 883 929 930 solet:
940 894 989 928 tum

184 948 245 1012 quod
256 946 363 1009 Perieopa
375 947 430 1009 Cap,
442 947 508 994 LVI:
523 959 590 1005 1·--7.
603 944 664 992 reete
679 945 754 992 haberi
766 946 828 1008 possit
847 962 889 1008 pro
902 945 990 993 Clausu-

184 1016 204 1062 la
219 1008 337 1074 superioris
353 1008 475 1057 Coneionis
491 1009 518 1056 de
535 1008 631 1056 Ecclesia
642 1008 731 1059 Christi:
749 1012 875 1057 eumenirn
886 1010 914 1057 de
926 1010 991 1056 Mes·

119 1112 124 1115 -
184 1076 228 1135 sra,
238 1086 261 1123 et
276 1073 344 1121 Bonis
360 1074 425 1121 abeo
442 1072 588 1129 adducendis,
605 1088 702 1120 necnon
717 1073 852 1122 deEeelesra
868 1075 913 1138 ejus
929 1074 990 1120 laeu-

184 1142 256 1189 lenter
272 1137 326 1186 esset
342 1136 474 1185 vaticinatus
490 1135 568 1199 Jesaias
585 1138 638 1199 Cap.
655 1138 796 1195 LIII·-·LV,
814 1138 835 1185 se
851 1140 918 1186 vertit
929 1152 991 1184 corn·

187 1203 256 1253 mode
271 1202 298 1249 ad
313 1217 364 1259 eos,
381 1202 417 1264 qui
433 1202 459 1248 ab
474 1199 511 1247 iho
528 1211 641 1261 tenrpore,
657 1215 702 1262 quo
719 1201 754 1247 illa
765 1200 905 1261 acciderent,
922 1216 992 1264 prope

185 1265 298 1324 abessent,
315 1276 339 1312 ut
360 1262 382 1311 se
398 1276 446 1311 turn
459 1263 487 1309 'ad
503 1264 558 1309 haee
574 1264 636 1310 Bona
657 1278 825 1326 praepararent,
846 1279 895 1313 turn
915 1280 993 1311 eoruna

185 1329 264 1396 spese
286 1328 411 1390 erigerent,
432 1326 454 1374 id
461 1334 468 1338 ”
477 1325 536 1390 quod
557 1326 673 1389 Prophetis
692 1327 757 1390 saepe
777 1327 800 1374 in
815 1345 879 1376 inore
897 1328 994 1392 positum

188 1394 228 1443 est.
267 1392 364 1441 Ahearua
385 1391 474 1453 veros
476 1390 635 1454 undamentum
650 1389 674 1438 in
690 1390 798 1454 glorioso,
816 1404 839 1439 et
854 1393 917 1441 ornni
931 1404 995 1457 purte

188 1458 296 1523 prospero
307 1454 418 1504 Eeelesrae
428 1454 486 1501 statu
501 1455 556 1516 Cap.
572 1455 617 1501 LX
631 1454 740 1516 positum,
756 1454 844 1504 sohdius
860 1456 932 1513 soret,
955 1454 995 1504 nih
1046 1512 1048 1516 Ι

192 1521 317 1579 constaret,
340 1519 460 1580 Prophetas
474 1518 504 1565 vde
518 1517 617 1565 Ecclesia
634 1516 714 1565 Christi
730 1518 806 1580 paffnn
822 1534 847 1566 ea
862 1521 948 1567 ratione
963 1520 995 1565 lo-

190 1587 228 1649 qui
239 1584 320 1642 solere,
338 1595 362 1630 ut
377 1580 399 1629 in
415 1580 520 1643 superior.
536 1582 583 1642 juni
598 1579 774 1628 observavimus:
796 1582 842 1629 irno
857 1583 884 1631 de
900 1581 997 1630 Ecclesia

190 1647 351 1703 Maccabaiea,
372 1645 411 1693 seu
425 1646 451 1692 ab
468 1643 598 1693 addidtione
612 1643 750 1706 Epiphaniea
765 1644 867 1705 fibertate,
889 1662 931 1693 una
946 1661 999 1698 curn

190 1712 359 1774 'complemento
375 1709 433 1767 suo,
447 1707 544 1766 Ecclesia
560 1707 590 1756 se,
608 1706 699 1765 Christi,
720 1707 874 1768 considerata,
901 1709 998 1756 eundern

191 1778 258 1841 plane
278 1775 302 1823 in
322 1773 416 1821 modurn
437 1786 503 1835 agere
523 1769 606 1830 soient,
633 1782 657 1818 ut
678 1772 705 1819 fit
722 1771 783 1826 inter
798 1771 892 1836 ahaJes.
909 1773 998 1830 XXV,

191 1840 288 1899 XXVI,
305 1851 329 1886 ut
345 1849 367 1884 et
382 1836 452 1884 LXV
468 1848 491 1882 et
508 1835 601 1893 LXVI,
615 1836 676 1890 Dan.
695 1837 755 1899 Her
770 1837 825 1885 VH.
842 1836 932 1901 ahisque
947 1851 999 1900 pro·

192 1905 279 1973 phetiin
314 1903 382 1950 Ratio
397 1912 472 1947 autern
487 1898 620 1961 magnificae
636 1898 748 1948 Orationis
768 1900 797 1947 de
812 1901 909 1949 Ecclesia
926 1899 1000 1948 Chrie

192 1969 251 2016 tiana
270 1967 326 2014 haee
347 1964 391 2023 est,
418 1963 477 2029 quod
499 1965 552 2010 Fara
573 1962 703 2011 intermedia
722 1963 837 2027 Prophetis
853 1966 885 2013 V.
901 1965 939 2017 T.
956 1977 1001 2010 non

194 2032 277 2081 suerint
291 2030 406 2085 revelata,
429 2028 528 2090 adeoque
548 2025 644 2075 Eedefia
666 2027 746 2075 Christi
760 2027 812 2089 ipsis
826 2029 855 2074 ob
871 2028 946 2075 oculos
961 2042 1001 2089 po-

194 2097 234 2145 srta
256 2094 282 2141 fit
307 2093 329 2139 in
350 2108 375 2138 ea
395 2089 536 2147 conditione,
556 2106 622 2152 quarn
638 2106 692 2138 vere
704 2091 809 2153 quidun,
832 2090 870 2139 sed
893 2107 939 2139 non
960 2088 1001 2137 nist

193 2160 245 2225 post
260 2159 351 2219 longam
366 2154 464 2202 satorum
478 2151 557 2199 seriem
572 2154 667 2200 haberet.
702 2155 823 2202 Ecclesiam
834 2171 889 2204 vero
899 2155 1003 2204 Maccab.

195 2223 272 2289 passim
288 2216 435 2280 contemplari
451 2215 532 2271 soient,
550 2225 653 2277 tanquan
669 2230 724 2278 quae
739 2216 761 2263 in
773 2218 855 2280 Regno
867 2216 947 2267 Christi
959 2226 1001 2260 tera

199 2287 318 2334 minaretur
340 2297 362 2331 et
378 2282 538 2345 perficeretur3
556 2277 586 2325 sre
601 2278 691 2327 chhar.
713 2281 768 2329 XIH
789 2294 811 2329 et
832 2282 893 2328 alibi:
915 2279 1002 2339 dequo

197 2352 263 2412 saepe
278 2348 336 2405 diui,
352 2360 377 2394 ut
392 2345 415 2393 in
432 2343 523 2408 Differ.
541 2343 568 2389 aas
584 2341 643 2389 Dan.
665 2342 700 2390 hd
721 2344 777 2392 hoec
798 2342 898 2401 aceedit,
920 2342 1002 2403 glorio-

197 2415 246 2465 sunt
262 2411 372 2461 Ecclesiae
387 2409 467 2458 statiua
483 2423 530 2456 non
547 2405 591 2454 esse
606 2406 806 2470 ruauisestandunr,
828 2405 868 2456 nisi
885 2405 935 2470 post
950 2421 1000 2515 grin

807 2480 810 2484 ’
945 2469 1002 2517 uni«
