<?xml version="1.0" encoding="UTF-8"?>
<!DOCTYPE html PUBLIC "-//W3C//DTD XHTML 1.0 Transitional//EN"
    "http://www.w3.org/TR/xhtml1/DTD/xhtml1-transitional.dtd">
<html xmlns="http://www.w3.org/1999/xhtml" xml:lang="en" lang="en">
 <head>
  <title>
</title>
<meta http-equiv="Content-Type" content="text/html;charset=utf-8" />
  <meta name='ocr-system' content='tesseract 3.04.00' />
  <meta name='ocr-capabilities' content='ocr_page ocr_carea ocr_par ocr_line ocrx_word'/>
</head>
<body>
  <div class='ocr_page' id='page_1' title='image "MN40360ucmf_0_0127.png"; bbox 0 0 2173 2960; ppageno 0'>
   <div class='ocr_carea' id='block_1_1' title="bbox 428 226 933 322">
    <p class='ocr_par' dir='ltr' id='par_1_1' title="bbox 428 226 933 322">
     <span class='ocr_line' id='line_1_1' title="bbox 428 226 933 322; baseline -0.004 -15"><span class='ocrx_word' id='word_1_1' title='bbox 428 232 429 235; x_wconf 57' lang='lat'><em>=</em></span> <span class='ocrx_word' id='word_1_2' title='bbox 457 226 557 309; x_wconf 82' lang='lat' dir='ltr'>Periadas</span> <span class='ocrx_word' id='word_1_3' title='bbox 573 258 593 306; x_wconf 83' lang='lat' dir='ltr'>I.</span> <span class='ocrx_word' id='word_1_4' title='bbox 901 273 933 322; x_wconf 72' lang='lat'>97</span> 
     </span>
    </p>
   </div>
   <div class='ocr_carea' id='block_1_2' title="bbox 125 377 1004 2680">
    <p class='ocr_par' dir='ltr' id='par_1_2' title="bbox 125 377 991 1773">
     <span class='ocr_line' id='line_1_2' title="bbox 354 377 933 441; baseline 0.009 -17"><span class='ocrx_word' id='word_1_5' title='bbox 354 377 421 424; x_wconf 83' lang='lat' dir='ltr'>llltia</span> <span class='ocrx_word' id='word_1_6' title='bbox 442 379 508 441; x_wconf 80' lang='lat' dir='ltr'>Plaga</span> <span class='ocrx_word' id='word_1_7' title='bbox 533 378 577 425; x_wconf 88' lang='lat' dir='ltr'>suit</span> <span class='ocrx_word' id='word_1_8' title='bbox 603 377 749 425; x_wconf 80' lang='lat' dir='ltr'>Peditulatam</span> <span class='ocrx_word' id='word_1_9' title='bbox 773 380 849 441; x_wconf 86' lang='lat' dir='ltr'>eopia:</span> <span class='ocrx_word' id='word_1_10' title='bbox 882 381 933 428; x_wconf 81' lang='lat' dir='ltr'>stitit</span> 
     </span>
     <span class='ocr_line' id='line_1_3' title="bbox 125 440 932 504; baseline -0.002 -10"><span class='ocrx_word' id='word_1_11' title='bbox 125 456 267 496; x_wconf 72' lang='lat' dir='ltr'>excrementa</span> <span class='ocrx_word' id='word_1_12' title='bbox 282 440 398 491; x_wconf 80' lang='lat' dir='ltr'>liorninuni</span> <span class='ocrx_word' id='word_1_13' title='bbox 420 440 541 488; x_wconf 88' lang='lat' dir='ltr'>eeatnibus</span> <span class='ocrx_word' id='word_1_14' title='bbox 557 440 688 503; x_wconf 70' lang='lat' dir='ltr'>putresaslis</span> <span class='ocrx_word' id='word_1_15' title='bbox 703 454 742 489; x_wconf 93' lang='lat' dir='ltr'>aut</span> <span class='ocrx_word' id='word_1_16' title='bbox 758 442 868 504; x_wconf 79' lang='lat' dir='ltr'>Sanguine</span> <span class='ocrx_word' id='word_1_17' title='bbox 884 461 932 492; x_wconf 90' lang='lat' dir='ltr'>cor-</span> 
     </span>
     <span class='ocr_line' id='line_1_4' title="bbox 125 503 933 575; baseline -0.004 -18"><span class='ocrx_word' id='word_1_18' title='bbox 125 524 190 575; x_wconf 90' lang='lat' dir='ltr'>rupto</span> <span class='ocrx_word' id='word_1_19' title='bbox 207 522 270 566; x_wconf 90' lang='lat' dir='ltr'>nata,</span> <span class='ocrx_word' id='word_1_20' title='bbox 286 521 299 552; x_wconf 94' lang='lat' dir='ltr'>e</span> <span class='ocrx_word' id='word_1_21' title='bbox 316 505 401 552; x_wconf 81' lang='lat' dir='ltr'>Sudore</span> <span class='ocrx_word' id='word_1_22' title='bbox 412 515 434 549; x_wconf 89' lang='lat' dir='ltr'>et</span> <span class='ocrx_word' id='word_1_23' title='bbox 445 504 564 562; x_wconf 76' lang='lat' dir='ltr'>Sor-dibus,</span> <span class='ocrx_word' id='word_1_24' title='bbox 582 516 607 550; x_wconf 90' lang='lat' dir='ltr'>ut</span> <span class='ocrx_word' id='word_1_25' title='bbox 617 505 686 566; x_wconf 80' lang='lat' dir='ltr'>uulgo</span> <span class='ocrx_word' id='word_1_26' title='bbox 702 503 777 553; x_wconf 88' lang='lat' dir='ltr'>baberi</span> <span class='ocrx_word' id='word_1_27' title='bbox 792 505 874 565; x_wconf 90' lang='lat' dir='ltr'>solent,</span> <span class='ocrx_word' id='word_1_28' title='bbox 886 508 933 554; x_wconf 75' lang='lat' dir='ltr'>ani-</span> 
     </span>
     <span class='ocr_line' id='line_1_5' title="bbox 126 566 932 632; baseline -0.005 -10"><span class='ocrx_word' id='word_1_29' title='bbox 126 576 218 622; x_wconf 85' lang='lat' dir='ltr'>malcula</span> <span class='ocrx_word' id='word_1_30' title='bbox 228 568 364 628; x_wconf 67' lang='lat' dir='ltr'>insatiabilia,</span> <span class='ocrx_word' id='word_1_31' title='bbox 381 566 496 614; x_wconf 74' lang='lat' dir='ltr'>exedentia</span> <span class='ocrx_word' id='word_1_32' title='bbox 508 582 601 629; x_wconf 89' lang='lat' dir='ltr'>corpus,</span> <span class='ocrx_word' id='word_1_33' title='bbox 618 567 684 630; x_wconf 87' lang='lat' dir='ltr'>eique</span> <span class='ocrx_word' id='word_1_34' title='bbox 694 567 793 616; x_wconf 78' lang='lat' dir='ltr'>molesia:</span> <span class='ocrx_word' id='word_1_35' title='bbox 811 585 863 617; x_wconf 89' lang='lat' dir='ltr'>curn</span> <span class='ocrx_word' id='word_1_36' title='bbox 874 572 932 632; x_wconf 88' lang='lat' dir='ltr'>apud</span> 
     </span>
     <span class='ocr_line' id='line_1_6' title="bbox 126 630 991 697; baseline -0.008 -11"><span class='ocrx_word' id='word_1_37' title='bbox 126 637 208 686; x_wconf 69' lang='lat' dir='ltr'>risosen</span> <span class='ocrx_word' id='word_1_38' title='bbox 219 651 247 681; x_wconf 77' lang='lat' dir='ltr'>esi</span> <span class='ocrx_word' id='word_1_39' title='bbox 257 634 347 697; x_wconf 78' lang='lat' dir='ltr'>puluere</span> <span class='ocrx_word' id='word_1_40' title='bbox 357 633 408 680; x_wconf 86' lang='lat' dir='ltr'>sunt</span> <span class='ocrx_word' id='word_1_41' title='bbox 419 630 477 691; x_wconf 88' lang='lat' dir='ltr'>nati,</span> <span class='ocrx_word' id='word_1_42' title='bbox 490 642 537 679; x_wconf 88' lang='lat' dir='ltr'>etat</span> <span class='ocrx_word' id='word_1_43' title='bbox 548 631 697 689; x_wconf 87' lang='lat' dir='ltr'>accidentale,</span> <span class='ocrx_word' id='word_1_44' title='bbox 710 645 732 678; x_wconf 90' lang='lat' dir='ltr'>et</span> <span class='ocrx_word' id='word_1_45' title='bbox 743 647 833 681; x_wconf 85' lang='lat' dir='ltr'>manian</span> <span class='ocrx_word' id='word_1_46' title='bbox 841 634 886 682; x_wconf 88' lang='lat' dir='ltr'>Dei</span> <span class='ocrx_word' id='word_1_47' title='bbox 897 634 931 681; x_wconf 91' lang='lat' dir='ltr'>in-</span> <span class='ocrx_word' id='word_1_48' title='bbox 989 674 991 679; x_wconf 73' lang='grc'><strong>,</strong></span> 
     </span>
     <span class='ocr_line' id='line_1_7' title="bbox 126 693 932 762; baseline -0.004 -14"><span class='ocrx_word' id='word_1_49' title='bbox 126 702 192 748; x_wconf 82' lang='lat' dir='ltr'>dicat.</span> <span class='ocrx_word' id='word_1_50' title='bbox 214 696 315 760; x_wconf 74' lang='lat' dir='ltr'>intelligo</span> <span class='ocrx_word' id='word_1_51' title='bbox 326 713 365 759; x_wconf 77' lang='lat' dir='ltr'>per</span> <span class='ocrx_word' id='word_1_52' title='bbox 374 693 422 743; x_wconf 89' lang='lat' dir='ltr'>illos</span> <span class='ocrx_word' id='word_1_53' title='bbox 432 693 455 742; x_wconf 89' lang='lat' dir='ltr'>id</span> <span class='ocrx_word' id='word_1_54' title='bbox 465 695 583 743; x_wconf 86' lang='lat' dir='ltr'>bominum</span> <span class='ocrx_word' id='word_1_55' title='bbox 594 710 664 759; x_wconf 85' lang='lat' dir='ltr'>genus</span> <span class='ocrx_word' id='word_1_56' title='bbox 675 694 733 743; x_wconf 89' lang='lat' dir='ltr'>inter</span> <span class='ocrx_word' id='word_1_57' title='bbox 743 696 839 759; x_wconf 84' lang='lat' dir='ltr'>Judaeos</span> <span class='ocrx_word' id='word_1_58' title='bbox 846 696 932 762; x_wconf 70' lang='lat' dir='ltr'>,&#39;quod‚</span> 
     </span>
     <span class='ocr_line' id='line_1_8' title="bbox 126 758 933 826; baseline -0.001 -16"><span class='ocrx_word' id='word_1_59' title='bbox 126 762 208 826; x_wconf 86' lang='lat' dir='ltr'>rapinis</span> <span class='ocrx_word' id='word_1_60' title='bbox 219 774 240 808; x_wconf 90' lang='lat' dir='ltr'>et</span> <span class='ocrx_word' id='word_1_61' title='bbox 250 760 354 810; x_wconf 76' lang='lat' dir='ltr'>aratritiae</span> <span class='ocrx_word' id='word_1_62' title='bbox 365 758 464 807; x_wconf 84' lang='lat' dir='ltr'>deditum</span> <span class='ocrx_word' id='word_1_63' title='bbox 471 798 477 819; x_wconf 98' lang='lat'>,</span> <span class='ocrx_word' id='word_1_64' title='bbox 484 759 595 822; x_wconf 87' lang='lat' dir='ltr'>Populum</span> <span class='ocrx_word' id='word_1_65' title='bbox 610 774 651 821; x_wconf 90' lang='lat' dir='ltr'>per</span> <span class='ocrx_word' id='word_1_66' title='bbox 662 758 695 806; x_wconf 85' lang='lat' dir='ltr'>sas</span> <span class='ocrx_word' id='word_1_67' title='bbox 705 772 727 807; x_wconf 91' lang='lat' dir='ltr'>et</span> <span class='ocrx_word' id='word_1_68' title='bbox 737 760 799 808; x_wconf 83' lang='lat' dir='ltr'>nefas</span> <span class='ocrx_word' id='word_1_69' title='bbox 811 763 919 810; x_wconf 77' lang='lat' dir='ltr'>exedebat</span> <span class='ocrx_word' id='word_1_70' title='bbox 925 781 933 822; x_wconf 78' lang='lat'>3</span> 
     </span>
     <span class='ocr_line' id='line_1_9' title="bbox 126 822 935 889; baseline 0.005 -18"><span class='ocrx_word' id='word_1_71' title='bbox 126 826 200 889; x_wconf 85' lang='lat' dir='ltr'>quales</span> <span class='ocrx_word' id='word_1_72' title='bbox 215 825 303 873; x_wconf 65' lang='lat' dir='ltr'>sumunt</span> <span class='ocrx_word' id='word_1_73' title='bbox 319 822 424 873; x_wconf 78' lang='lat' dir='ltr'>Pharisaei</span> <span class='ocrx_word' id='word_1_74' title='bbox 436 823 656 872; x_wconf 86' lang='lat' dir='ltr'>Viduarurndomos</span> <span class='ocrx_word' id='word_1_75' title='bbox 673 824 803 884; x_wconf 79' lang='lat' dir='ltr'>exedentes,</span> <span class='ocrx_word' id='word_1_76' title='bbox 820 826 935 875; x_wconf 81' lang='lat' dir='ltr'>Publicani</span> 
     </span>
     <span class='ocr_line' id='line_1_10' title="bbox 126 886 934 948; baseline 0 -11"><span class='ocrx_word' id='word_1_77' title='bbox 126 889 258 939; x_wconf 84' lang='lat' dir='ltr'>seuerissima</span> <span class='ocrx_word' id='word_1_78' title='bbox 278 888 410 936; x_wconf 68' lang='lat' dir='ltr'>[albianorum</span> <span class='ocrx_word' id='word_1_79' title='bbox 431 886 548 935; x_wconf 74' lang='lat' dir='ltr'>exustione</span> <span class='ocrx_word' id='word_1_80' title='bbox 567 886 698 948; x_wconf 79' lang='lat' dir='ltr'>sanguinem</span> <span class='ocrx_word' id='word_1_81' title='bbox 721 900 742 934; x_wconf 92' lang='lat' dir='ltr'>et</span> <span class='ocrx_word' id='word_1_82' title='bbox 763 904 839 938; x_wconf 83' lang='lat' dir='ltr'>carnes</span> <span class='ocrx_word' id='word_1_83' title='bbox 855 890 934 938; x_wconf 91' lang='lat' dir='ltr'>consu-</span> 
     </span>
     <span class='ocr_line' id='line_1_11' title="bbox 129 949 934 1016; baseline 0.001 -15"><span class='ocrx_word' id='word_1_84' title='bbox 129 966 227 1012; x_wconf 83' lang='lat' dir='ltr'>mentes,</span> <span class='ocrx_word' id='word_1_85' title='bbox 240 953 389 1001; x_wconf 75' lang='lat' dir='ltr'>soerrerarores</span> <span class='ocrx_word' id='word_1_86' title='bbox 406 949 449 1000; x_wconf 74' lang='lat' dir='ltr'>dcc.</span> <span class='ocrx_word' id='word_1_87' title='bbox 467 950 506 1016; x_wconf 89' lang='lat' dir='ltr'>qui</span> <span class='ocrx_word' id='word_1_88' title='bbox 521 950 623 997; x_wconf 83' lang='lat' dir='ltr'>omniunt</span> <span class='ocrx_word' id='word_1_89' title='bbox 639 949 765 1000; x_wconf 83' lang='lat' dir='ltr'>uilisfirnum</span> <span class='ocrx_word' id='word_1_90' title='bbox 780 968 851 1015; x_wconf 79' lang='lat' dir='ltr'>genus</span> <span class='ocrx_word' id='word_1_91' title='bbox 861 954 934 1002; x_wconf 87' lang='lat' dir='ltr'>horni-</span> 
     </span>
     <span class='ocr_line' id='line_1_12' title="bbox 128 1013 932 1079; baseline 0 -13"><span class='ocrx_word' id='word_1_92' title='bbox 128 1034 183 1066; x_wconf 89' lang='lat' dir='ltr'>num</span> <span class='ocrx_word' id='word_1_93' title='bbox 198 1018 266 1076; x_wconf 82' lang='lat' dir='ltr'>babiti</span> <span class='ocrx_word' id='word_1_94' title='bbox 281 1016 343 1076; x_wconf 77' lang='lat' dir='ltr'>sulit,</span> <span class='ocrx_word' id='word_1_95' title='bbox 359 1014 448 1079; x_wconf 82' lang='lat' dir='ltr'>Judaeis</span> <span class='ocrx_word' id='word_1_96' title='bbox 463 1013 611 1075; x_wconf 77' lang='lat' dir='ltr'>infestissimi,</span> <span class='ocrx_word' id='word_1_97' title='bbox 633 1027 656 1061; x_wconf 92' lang='lat' dir='ltr'>et</span> <span class='ocrx_word' id='word_1_98' title='bbox 675 1030 716 1077; x_wconf 89' lang='lat' dir='ltr'>per</span> <span class='ocrx_word' id='word_1_99' title='bbox 732 1017 807 1065; x_wconf 88' lang='lat' dir='ltr'>omnia</span> <span class='ocrx_word' id='word_1_100' title='bbox 823 1019 884 1067; x_wconf 87' lang='lat' dir='ltr'>Loca</span> <span class='ocrx_word' id='word_1_101' title='bbox 901 1018 932 1066; x_wconf 89' lang='lat' dir='ltr'>di-</span> 
     </span>
     <span class='ocr_line' id='line_1_13' title="bbox 130 1075 450 1130; baseline 0 -1"><span class='ocrx_word' id='word_1_102' title='bbox 130 1082 144 1129; x_wconf 91' lang='lat' dir='ltr'>s</span> <span class='ocrx_word' id='word_1_103' title='bbox 156 1082 204 1130; x_wconf 81' lang='lat' dir='ltr'>ersi.</span> <span class='ocrx_word' id='word_1_104' title='bbox 311 1075 315 1090; x_wconf 45' lang='lat' dir='ltr'><em>s</em></span> <span class='ocrx_word' id='word_1_105' title='bbox 449 1096 450 1099; x_wconf 73' lang='grc'>’</span> 
     </span>
     <span class='ocr_line' id='line_1_14' title="bbox 139 1100 932 1210; baseline 0.003 -18"><span class='ocrx_word' id='word_1_106' title='bbox 139 1100 180 1210; x_wconf 54' lang='lat' dir='ltr'>pp</span> <span class='ocrx_word' id='word_1_107' title='bbox 197 1145 284 1193; x_wconf 78' lang='lat' dir='ltr'>LXIV.</span> <span class='ocrx_word' id='word_1_108' title='bbox 356 1143 426 1191; x_wconf 82' lang='lat' dir='ltr'>tha.</span> <span class='ocrx_word' id='word_1_109' title='bbox 442 1141 507 1205; x_wconf 79' lang='lat' dir='ltr'>Plaga</span> <span class='ocrx_word' id='word_1_110' title='bbox 523 1141 556 1189; x_wconf 86' lang='lat' dir='ltr'>est</span> <span class='ocrx_word' id='word_1_111' title='bbox 571 1157 637 1190; x_wconf 78' lang='lat' dir='ltr'>oraine</span> <span class='ocrx_word' id='word_1_112' title='bbox 658 1158 730 1205; x_wconf 79' lang='lat' dir='ltr'>genus</span> <span class='ocrx_word' id='word_1_113' title='bbox 750 1146 894 1192; x_wconf 65' lang='lat' dir='ltr'>altimanniam</span> <span class='ocrx_word' id='word_1_114' title='bbox 910 1160 932 1195; x_wconf 85' lang='lat' dir='ltr'>er</span> 
     </span>
     <span class='ocr_line' id='line_1_15' title="bbox 128 1206 936 1271; baseline 0.001 -14"><span class='ocrx_word' id='word_1_115' title='bbox 128 1210 225 1257; x_wconf 86' lang='lat' dir='ltr'>serarum</span> <span class='ocrx_word' id='word_1_116' title='bbox 246 1206 363 1255; x_wconf 78' lang='lat' dir='ltr'>colluvies:</span> <span class='ocrx_word' id='word_1_117' title='bbox 385 1207 476 1254; x_wconf 87' lang='lat' dir='ltr'>denotat</span> <span class='ocrx_word' id='word_1_118' title='bbox 496 1221 525 1253; x_wconf 80' lang='lat' dir='ltr'>ex</span> <span class='ocrx_word' id='word_1_119' title='bbox 549 1221 600 1254; x_wconf 89' lang='lat' dir='ltr'>mea</span> <span class='ocrx_word' id='word_1_120' title='bbox 620 1207 727 1270; x_wconf 89' lang='lat' dir='ltr'>opinione</span> <span class='ocrx_word' id='word_1_121' title='bbox 748 1206 854 1269; x_wconf 78' lang='lat' dir='ltr'>Judaeum</span> <span class='ocrx_word' id='word_1_122' title='bbox 877 1211 936 1271; x_wconf 83' lang='lat' dir='ltr'>quasi</span> 
     </span>
     <span class='ocr_line' id='line_1_16' title="bbox 128 1268 937 1332; baseline 0 -10"><span class='ocrx_word' id='word_1_123' title='bbox 128 1273 241 1324; x_wconf 76' lang='lat' dir='ltr'>deserum</span> <span class='ocrx_word' id='word_1_124' title='bbox 270 1270 401 1329; x_wconf 83' lang='lat' dir='ltr'>Gentium,</span> <span class='ocrx_word' id='word_1_125' title='bbox 431 1269 453 1316; x_wconf 93' lang='lat' dir='ltr'>in</span> <span class='ocrx_word' id='word_1_126' title='bbox 475 1285 521 1332; x_wconf 86' lang='lat' dir='ltr'>quo</span> <span class='ocrx_word' id='word_1_127' title='bbox 547 1286 598 1318; x_wconf 88' lang='lat' dir='ltr'>curn</span> <span class='ocrx_word' id='word_1_128' title='bbox 620 1268 753 1327; x_wconf 77' lang='lat' dir='ltr'>Gentibus,</span> <span class='ocrx_word' id='word_1_129' title='bbox 786 1269 937 1323; x_wconf 88' lang='lat' dir='ltr'>animantibus</span> 
     </span>
     <span class='ocr_line' id='line_1_17' title="bbox 127 1333 937 1400; baseline 0.002 -16"><span class='ocrx_word' id='word_1_130' title='bbox 127 1335 234 1400; x_wconf 89' lang='lat' dir='ltr'>impuris,</span> <span class='ocrx_word' id='word_1_131' title='bbox 250 1348 273 1383; x_wconf 90' lang='lat' dir='ltr'>et</span> <span class='ocrx_word' id='word_1_132' title='bbox 287 1334 360 1383; x_wconf 75' lang='lat' dir='ltr'>noxiis</span> <span class='ocrx_word' id='word_1_133' title='bbox 374 1333 519 1381; x_wconf 81' lang='lat' dir='ltr'>miscerentur</span> <span class='ocrx_word' id='word_1_134' title='bbox 535 1333 627 1396; x_wconf 84' lang='lat' dir='ltr'>Judaei,</span> <span class='ocrx_word' id='word_1_135' title='bbox 643 1334 709 1397; x_wconf 90' lang='lat' dir='ltr'>seque</span> <span class='ocrx_word' id='word_1_136' title='bbox 725 1333 753 1381; x_wconf 89' lang='lat' dir='ltr'>ad</span> <span class='ocrx_word' id='word_1_137' title='bbox 768 1348 843 1382; x_wconf 87' lang='lat' dir='ltr'>mores</span> <span class='ocrx_word' id='word_1_138' title='bbox 858 1350 937 1386; x_wconf 88' lang='lat' dir='ltr'>eorum</span> 
     </span>
     <span class='ocr_line' id='line_1_18' title="bbox 128 1397 936 1463; baseline 0 -15"><span class='ocrx_word' id='word_1_139' title='bbox 128 1411 303 1463; x_wconf 73' lang='lat' dir='ltr'>componerent,</span> <span class='ocrx_word' id='word_1_140' title='bbox 320 1409 344 1446; x_wconf 93' lang='lat' dir='ltr'>ut</span> <span class='ocrx_word' id='word_1_141' title='bbox 358 1397 446 1460; x_wconf 77' lang='lat' dir='ltr'>Religio</span> <span class='ocrx_word' id='word_1_142' title='bbox 462 1409 485 1444; x_wconf 91' lang='lat' dir='ltr'>et</span> <span class='ocrx_word' id='word_1_143' title='bbox 501 1397 548 1445; x_wconf 86' lang='lat' dir='ltr'>uita</span> <span class='ocrx_word' id='word_1_144' title='bbox 568 1409 749 1461; x_wconf 82' lang='lat' dir='ltr'>corrumperetur</span> <span class='ocrx_word' id='word_1_145' title='bbox 770 1413 815 1446; x_wconf 91' lang='lat' dir='ltr'>non</span> <span class='ocrx_word' id='word_1_146' title='bbox 835 1411 936 1461; x_wconf 88' lang='lat' dir='ltr'>tantum,</span> 
     </span>
     <span class='ocr_line' id='line_1_19' title="bbox 129 1460 937 1525; baseline 0.001 -13"><span class='ocrx_word' id='word_1_147' title='bbox 129 1465 166 1512; x_wconf 89' lang='lat' dir='ltr'>sed</span> <span class='ocrx_word' id='word_1_148' title='bbox 176 1476 198 1510; x_wconf 92' lang='lat' dir='ltr'>et</span> <span class='ocrx_word' id='word_1_149' title='bbox 208 1463 249 1525; x_wconf 81' lang='lat' dir='ltr'>ipsi</span> <span class='ocrx_word' id='word_1_150' title='bbox 260 1462 365 1511; x_wconf 86' lang='lat' dir='ltr'>sumtibus</span> <span class='ocrx_word' id='word_1_151' title='bbox 380 1461 410 1509; x_wconf 89' lang='lat' dir='ltr'>ob</span> <span class='ocrx_word' id='word_1_152' title='bbox 422 1461 506 1509; x_wconf 88' lang='lat' dir='ltr'>Gentes</span> <span class='ocrx_word' id='word_1_153' title='bbox 521 1460 630 1509; x_wconf 85' lang='lat' dir='ltr'>faciendis</span> <span class='ocrx_word' id='word_1_154' title='bbox 644 1460 835 1511; x_wconf 88' lang='lat' dir='ltr'>consumerentur.</span> <span class='ocrx_word' id='word_1_155' title='bbox 870 1464 937 1514; x_wconf 91' lang='lat' dir='ltr'>Haec</span> 
     </span>
     <span class='ocr_line' id='line_1_20' title="bbox 128 1524 937 1590; baseline 0.002 -15"><span class='ocrx_word' id='word_1_156' title='bbox 128 1527 208 1575; x_wconf 75' lang='lat' dir='ltr'>mixtio</span> <span class='ocrx_word' id='word_1_157' title='bbox 224 1543 276 1574; x_wconf 90' lang='lat' dir='ltr'>eum</span> <span class='ocrx_word' id='word_1_158' title='bbox 292 1524 399 1574; x_wconf 89' lang='lat' dir='ltr'>Romanis</span> <span class='ocrx_word' id='word_1_159' title='bbox 415 1524 517 1573; x_wconf 87' lang='lat' dir='ltr'>omnibus</span> <span class='ocrx_word' id='word_1_160' title='bbox 528 1524 625 1574; x_wconf 86' lang='lat' dir='ltr'>constat:</span> <span class='ocrx_word' id='word_1_161' title='bbox 642 1525 751 1573; x_wconf 85' lang='lat' dir='ltr'>testantur</span> <span class='ocrx_word' id='word_1_162' title='bbox 762 1526 790 1573; x_wconf 92' lang='lat' dir='ltr'>de</span> <span class='ocrx_word' id='word_1_163' title='bbox 805 1525 840 1575; x_wconf 89' lang='lat' dir='ltr'>illa</span> <span class='ocrx_word' id='word_1_164' title='bbox 850 1528 937 1590; x_wconf 87' lang='lat' dir='ltr'>Urbes,</span> 
     </span>
     <span class='ocr_line' id='line_1_21' title="bbox 130 1589 937 1655; baseline 0.004 -16"><span class='ocrx_word' id='word_1_165' title='bbox 130 1593 241 1647; x_wconf 78' lang='lat' dir='ltr'>Theatra,</span> <span class='ocrx_word' id='word_1_166' title='bbox 258 1589 333 1647; x_wconf 86' lang='lat' dir='ltr'>Festa,</span> <span class='ocrx_word' id='word_1_167' title='bbox 350 1589 448 1651; x_wconf 90' lang='lat' dir='ltr'>Templa</span> <span class='ocrx_word' id='word_1_168' title='bbox 462 1589 485 1636; x_wconf 90' lang='lat' dir='ltr'>in</span> <span class='ocrx_word' id='word_1_169' title='bbox 501 1589 610 1637; x_wconf 91' lang='lat' dir='ltr'>honorem</span> <span class='ocrx_word' id='word_1_170' title='bbox 625 1591 796 1649; x_wconf 84' lang='lat' dir='ltr'>Romanorum,</span> <span class='ocrx_word' id='word_1_171' title='bbox 812 1591 872 1638; x_wconf 89' lang='lat' dir='ltr'>Ludi</span> <span class='ocrx_word' id='word_1_172' title='bbox 892 1594 937 1655; x_wconf 85' lang='lat' dir='ltr'>gla-</span> 
     </span>
     <span class='ocr_line' id='line_1_22' title="bbox 130 1651 938 1719; baseline 0.005 -17"><span class='ocrx_word' id='word_1_173' title='bbox 130 1654 218 1702; x_wconf 88' lang='lat' dir='ltr'>diatorii</span> <span class='ocrx_word' id='word_1_174' title='bbox 228 1654 273 1703; x_wconf 80' lang='lat' dir='ltr'>dte.</span> <span class='ocrx_word' id='word_1_175' title='bbox 286 1665 371 1702; x_wconf 87' lang='lat' dir='ltr'>etcum</span> <span class='ocrx_word' id='word_1_176' title='bbox 382 1651 492 1719; x_wconf 78' lang='lat' dir='ltr'>Gentibus</span> <span class='ocrx_word' id='word_1_177' title='bbox 503 1652 584 1703; x_wconf 84' lang='lat' dir='ltr'>versati</span> <span class='ocrx_word' id='word_1_178' title='bbox 594 1653 674 1718; x_wconf 85' lang='lat' dir='ltr'>Judaei</span> <span class='ocrx_word' id='word_1_179' title='bbox 685 1668 762 1701; x_wconf 87' lang='lat' dir='ltr'>eorum</span> <span class='ocrx_word' id='word_1_180' title='bbox 777 1668 851 1704; x_wconf 86' lang='lat' dir='ltr'>mores</span> <span class='ocrx_word' id='word_1_181' title='bbox 860 1655 938 1706; x_wconf 89' lang='lat' dir='ltr'>indue-</span> 
     </span>
     <span class='ocr_line' id='line_1_23' title="bbox 132 1719 191 1773; baseline 0 -7"><span class='ocrx_word' id='word_1_182' title='bbox 132 1719 191 1773; x_wconf 85' lang='lat' dir='ltr'>bant.</span> 
     </span>
    </p>

    <p class='ocr_par' dir='ltr' id='par_1_3' title="bbox 130 1780 938 2031">
     <span class='ocr_line' id='line_1_24' title="bbox 357 1780 935 1845; baseline 0.007 -17"><span class='ocrx_word' id='word_1_183' title='bbox 357 1782 407 1828; x_wconf 84' lang='lat' dir='ltr'>Vra</span> <span class='ocrx_word' id='word_1_184' title='bbox 421 1782 487 1841; x_wconf 84' lang='lat' dir='ltr'>Plaga</span> <span class='ocrx_word' id='word_1_185' title='bbox 502 1780 661 1840; x_wconf 69' lang='lat' dir='ltr'>complectitur</span> <span class='ocrx_word' id='word_1_186' title='bbox 672 1783 760 1842; x_wconf 75' lang='lat' dir='ltr'>pecudis</span> <span class='ocrx_word' id='word_1_187' title='bbox 776 1782 848 1829; x_wconf 87' lang='lat' dir='ltr'>omnis</span> <span class='ocrx_word' id='word_1_188' title='bbox 867 1798 935 1845; x_wconf 84' lang='lat' dir='ltr'>gene-</span> 
     </span>
     <span class='ocr_line' id='line_1_25' title="bbox 130 1839 937 1904; baseline 0.005 -13"><span class='ocrx_word' id='word_1_189' title='bbox 130 1844 160 1891; x_wconf 87' lang='lat' dir='ltr'>ris</span> <span class='ocrx_word' id='word_1_190' title='bbox 170 1853 264 1891; x_wconf 88' lang='lat' dir='ltr'>mortem</span> <span class='ocrx_word' id='word_1_191' title='bbox 275 1839 371 1904; x_wconf 74' lang='lat' dir='ltr'>epesie:</span> <span class='ocrx_word' id='word_1_192' title='bbox 387 1840 481 1903; x_wconf 82' lang='lat' dir='ltr'>mystice</span> <span class='ocrx_word' id='word_1_193' title='bbox 496 1852 574 1889; x_wconf 87' lang='lat' dir='ltr'>notare</span> <span class='ocrx_word' id='word_1_194' title='bbox 588 1842 662 1904; x_wconf 82' lang='lat' dir='ltr'>potest</span> <span class='ocrx_word' id='word_1_195' title='bbox 677 1846 805 1902; x_wconf 87' lang='lat' dir='ltr'>Bonorum,</span> <span class='ocrx_word' id='word_1_196' title='bbox 821 1845 937 1895; x_wconf 82' lang='lat' dir='ltr'>Possessio-</span> 
     </span>
     <span class='ocr_line' id='line_1_26' title="bbox 130 1903 938 1972; baseline 0.004 -16"><span class='ocrx_word' id='word_1_197' title='bbox 130 1923 184 1956; x_wconf 90' lang='lat' dir='ltr'>num</span> <span class='ocrx_word' id='word_1_198' title='bbox 200 1917 223 1951; x_wconf 86' lang='lat' dir='ltr'>et</span> <span class='ocrx_word' id='word_1_199' title='bbox 233 1904 367 1953; x_wconf 84' lang='lat' dir='ltr'>Diuitiarum</span> <span class='ocrx_word' id='word_1_200' title='bbox 379 1903 530 1967; x_wconf 84' lang='lat' dir='ltr'>privationem</span> <span class='ocrx_word' id='word_1_201' title='bbox 545 1919 585 1969; x_wconf 87' lang='lat' dir='ltr'>per</span> <span class='ocrx_word' id='word_1_202' title='bbox 596 1907 769 1961; x_wconf 81' lang='lat' dir='ltr'>Procuratorum</span> <span class='ocrx_word' id='word_1_203' title='bbox 779 1907 938 1972; x_wconf 82' lang='lat' dir='ltr'>rapacitatem,</span> 
     </span>
     <span class='ocr_line' id='line_1_27' title="bbox 132 1967 470 2031; baseline -0.003 -13"><span class='ocrx_word' id='word_1_204' title='bbox 132 1983 155 2018; x_wconf 92' lang='lat' dir='ltr'>et</span> <span class='ocrx_word' id='word_1_205' title='bbox 170 1968 317 2017; x_wconf 88' lang='lat' dir='ltr'>Tributorum</span> <span class='ocrx_word' id='word_1_206' title='bbox 331 1967 470 2031; x_wconf 82' lang='lat' dir='ltr'>grauitatem.</span> 
     </span>
    </p>

    <p class='ocr_par' dir='ltr' id='par_1_4' title="bbox 133 2030 1004 2680">
     <span class='ocr_line' id='line_1_28' title="bbox 360 2030 938 2096; baseline 0.014 -15"><span class='ocrx_word' id='word_1_207' title='bbox 360 2033 428 2081; x_wconf 85' lang='lat' dir='ltr'>Vlm.</span> <span class='ocrx_word' id='word_1_208' title='bbox 450 2030 592 2081; x_wconf 84' lang='lat' dir='ltr'>Diriffimum</span> <span class='ocrx_word' id='word_1_209' title='bbox 612 2034 712 2083; x_wconf 88' lang='lat' dir='ltr'>continet</span> <span class='ocrx_word' id='word_1_210' title='bbox 732 2036 807 2096; x_wconf 80' lang='lat' dir='ltr'>altus,</span> <span class='ocrx_word' id='word_1_211' title='bbox 827 2053 894 2087; x_wconf 88' lang='lat' dir='ltr'>urens</span> <span class='ocrx_word' id='word_1_212' title='bbox 915 2054 938 2089; x_wconf 89' lang='lat' dir='ltr'>et</span> 
     </span>
     <span class='ocr_line' id='line_1_29' title="bbox 133 2096 941 2167; baseline 0.009 -21"><span class='ocrx_word' id='word_1_213' title='bbox 133 2099 227 2163; x_wconf 85' lang='lat' dir='ltr'>grauiter</span> <span class='ocrx_word' id='word_1_214' title='bbox 247 2096 358 2160; x_wconf 76' lang='lat' dir='ltr'>affligen33</span> <span class='ocrx_word' id='word_1_215' title='bbox 379 2111 408 2144; x_wconf 81' lang='lat' dir='ltr'>ex</span> <span class='ocrx_word' id='word_1_216' title='bbox 427 2096 502 2143; x_wconf 90' lang='lat' dir='ltr'>cinere</span> <span class='ocrx_word' id='word_1_217' title='bbox 523 2096 584 2145; x_wconf 82' lang='lat' dir='ltr'>enirn</span> <span class='ocrx_word' id='word_1_218' title='bbox 604 2097 702 2146; x_wconf 81' lang='lat' dir='ltr'>fornacis</span> <span class='ocrx_word' id='word_1_219' title='bbox 721 2098 747 2146; x_wconf 89' lang='lat' dir='ltr'>in</span> <span class='ocrx_word' id='word_1_220' title='bbox 762 2101 852 2150; x_wconf 89' lang='lat' dir='ltr'>coelum</span> <span class='ocrx_word' id='word_1_221' title='bbox 866 2102 941 2167; x_wconf 89' lang='lat' dir='ltr'>sparso</span> 
     </span>
     <span class='ocr_line' id='line_1_30' title="bbox 134 2159 1004 2226; baseline 0.009 -16"><span class='ocrx_word' id='word_1_222' title='bbox 134 2170 196 2211; x_wconf 87' lang='lat' dir='ltr'>natus</span> <span class='ocrx_word' id='word_1_223' title='bbox 211 2161 283 2226; x_wconf 86' lang='lat' dir='ltr'>puluis</span> <span class='ocrx_word' id='word_1_224' title='bbox 298 2161 322 2209; x_wconf 91' lang='lat' dir='ltr'>in</span> <span class='ocrx_word' id='word_1_225' title='bbox 336 2161 411 2209; x_wconf 89' lang='lat' dir='ltr'>ulcera</span> <span class='ocrx_word' id='word_1_226' title='bbox 424 2159 512 2208; x_wconf 85' lang='lat' dir='ltr'>urentia</span> <span class='ocrx_word' id='word_1_227' title='bbox 531 2172 629 2208; x_wconf 86' lang='lat' dir='ltr'>mutatus</span> <span class='ocrx_word' id='word_1_228' title='bbox 649 2161 682 2208; x_wconf 83' lang='lat' dir='ltr'>eil</span> <span class='ocrx_word' id='word_1_229' title='bbox 703 2163 726 2209; x_wconf 89' lang='lat' dir='ltr'>et</span> <span class='ocrx_word' id='word_1_230' title='bbox 745 2162 853 2225; x_wconf 86' lang='lat' dir='ltr'>pustulas:</span> <span class='ocrx_word' id='word_1_231' title='bbox 881 2168 943 2219; x_wconf 89' lang='lat' dir='ltr'>ulcus</span> <span class='ocrx_word' id='word_1_232' title='bbox 1003 2172 1004 2175; x_wconf 74' lang='grc'>’</span> 
     </span>
     <span class='ocr_line' id='line_1_31' title="bbox 134 2223 961 2296; baseline 0.01 -21"><span class='ocrx_word' id='word_1_233' title='bbox 134 2226 214 2275; x_wconf 89' lang='lat' dir='ltr'>dicitnr</span> <span class='ocrx_word' id='word_1_234' title='bbox 235 2226 316 2273; x_wconf 88' lang='lat' dir='ltr'>malurn</span> <span class='ocrx_word' id='word_1_235' title='bbox 336 2237 360 2272; x_wconf 91' lang='lat' dir='ltr'>et</span> <span class='ocrx_word' id='word_1_236' title='bbox 379 2223 473 2272; x_wconf 74' lang='lat' dir='ltr'>nostium</span> <span class='ocrx_word' id='word_1_237' title='bbox 494 2224 570 2285; x_wconf 87' lang='lat' dir='ltr'>Apoc.</span> <span class='ocrx_word' id='word_1_238' title='bbox 594 2226 661 2274; x_wconf 85' lang='lat' dir='ltr'>XVI.</span> <span class='ocrx_word' id='word_1_239' title='bbox 678 2225 716 2274; x_wconf 91' lang='lat' dir='ltr'>ubi</span> <span class='ocrx_word' id='word_1_240' title='bbox 735 2226 836 2276; x_wconf 71' lang='grc' dir='ltr'>11111111ι</span> <span class='ocrx_word' id='word_1_241' title='bbox 852 2230 942 2296; x_wconf 84' lang='lat' dir='ltr'>Plagam</span> <span class='ocrx_word' id='word_1_242' title='bbox 960 2280 961 2283; x_wconf 75' lang='grc'>,</span> 
     </span>
     <span class='ocr_line' id='line_1_32' title="bbox 135 2288 941 2347; baseline 0.007 -8"><span class='ocrx_word' id='word_1_243' title='bbox 135 2291 241 2339; x_wconf 79' lang='lat' dir='ltr'>alluditur</span> <span class='ocrx_word' id='word_1_244' title='bbox 275 2288 416 2338; x_wconf 78' lang='lat' dir='ltr'>Charadleres</span> <span class='ocrx_word' id='word_1_245' title='bbox 429 2288 493 2347; x_wconf 80' lang='lat' dir='ltr'>sunt3</span> <span class='ocrx_word' id='word_1_246' title='bbox 512 2304 558 2335; x_wconf 78' lang='lat' dir='ltr'>tarta</span> <span class='ocrx_word' id='word_1_247' title='bbox 573 2288 647 2336; x_wconf 83' lang='lat' dir='ltr'>testari</span> <span class='ocrx_word' id='word_1_248' title='bbox 663 2288 691 2335; x_wconf 90' lang='lat' dir='ltr'>de</span> <span class='ocrx_word' id='word_1_249' title='bbox 707 2288 797 2340; x_wconf 84' lang='lat' dir='ltr'>interna</span> <span class='ocrx_word' id='word_1_250' title='bbox 812 2294 881 2343; x_wconf 88' lang='lat' dir='ltr'>totius</span> <span class='ocrx_word' id='word_1_251' title='bbox 891 2311 941 2345; x_wconf 88' lang='lat' dir='ltr'>eor-</span> 
     </span>
     <span class='ocr_line' id='line_1_33' title="bbox 134 2351 940 2421; baseline 0.011 -20"><span class='ocrx_word' id='word_1_252' title='bbox 134 2355 195 2415; x_wconf 86' lang='lat' dir='ltr'>poris</span> <span class='ocrx_word' id='word_1_253' title='bbox 210 2353 367 2418; x_wconf 80' lang='lat' dir='ltr'>corruptione3</span> <span class='ocrx_word' id='word_1_254' title='bbox 390 2354 429 2401; x_wconf 78' lang='lat' dir='ltr'>aila</span> <span class='ocrx_word' id='word_1_255' title='bbox 444 2351 563 2415; x_wconf 87' lang='lat' dir='ltr'>deturpare</span> <span class='ocrx_word' id='word_1_256' title='bbox 578 2368 658 2416; x_wconf 89' lang='lat' dir='ltr'>corpus</span> <span class='ocrx_word' id='word_1_257' title='bbox 673 2364 696 2399; x_wconf 91' lang='lat' dir='ltr'>et</span> <span class='ocrx_word' id='word_1_258' title='bbox 711 2352 801 2403; x_wconf 88' lang='lat' dir='ltr'>inurere</span> <span class='ocrx_word' id='word_1_259' title='bbox 816 2360 940 2421; x_wconf 83' lang='lat' dir='ltr'>maculam3</span> 
     </span>
     <span class='ocr_line' id='line_1_34' title="bbox 137 2417 940 2491; baseline 0.016 -30"><span class='ocrx_word' id='word_1_260' title='bbox 137 2420 181 2473; x_wconf 73' lang='lat' dir='ltr'>gria</span> <span class='ocrx_word' id='word_1_261' title='bbox 192 2419 291 2468; x_wconf 88' lang='lat' dir='ltr'>dolorem</span> <span class='ocrx_word' id='word_1_262' title='bbox 301 2432 390 2476; x_wconf 83' lang='lat' dir='ltr'>crearc3</span> <span class='ocrx_word' id='word_1_263' title='bbox 406 2429 442 2476; x_wconf 84' lang='lat' dir='ltr'>4ta</span> <span class='ocrx_word' id='word_1_264' title='bbox 452 2431 494 2478; x_wconf 85' lang='lat' dir='ltr'>per</span> <span class='ocrx_word' id='word_1_265' title='bbox 505 2427 578 2465; x_wconf 86' lang='lat' dir='ltr'>toturn</span> <span class='ocrx_word' id='word_1_266' title='bbox 593 2432 673 2478; x_wconf 90' lang='lat' dir='ltr'>corpus</span> <span class='ocrx_word' id='word_1_267' title='bbox 687 2417 833 2491; x_wconf 85' lang='lat' dir='ltr'>proserpere,</span> <span class='ocrx_word' id='word_1_268' title='bbox 851 2436 876 2471; x_wconf 88' lang='lat' dir='ltr'>ut</span> <span class='ocrx_word' id='word_1_269' title='bbox 891 2438 940 2474; x_wconf 88' lang='lat' dir='ltr'>tan-</span> 
     </span>
     <span class='ocr_line' id='line_1_35' title="bbox 136 2476 939 2549; baseline 0.015 -25"><span class='ocrx_word' id='word_1_270' title='bbox 136 2476 187 2545; x_wconf 77' lang='lat' dir='ltr'>dein</span> <span class='ocrx_word' id='word_1_271' title='bbox 209 2482 311 2528; x_wconf 77' lang='lat' dir='ltr'>exanime</span> <span class='ocrx_word' id='word_1_272' title='bbox 332 2492 426 2529; x_wconf 89' lang='lat' dir='ltr'>corruat.</span> <span class='ocrx_word' id='word_1_273' title='bbox 460 2479 562 2542; x_wconf 85' lang='lat' dir='ltr'>Mystice</span> <span class='ocrx_word' id='word_1_274' title='bbox 583 2496 636 2543; x_wconf 84' lang='lat' dir='ltr'>ergo</span> <span class='ocrx_word' id='word_1_275' title='bbox 652 2479 675 2527; x_wconf 91' lang='lat' dir='ltr'>in</span> <span class='ocrx_word' id='word_1_276' title='bbox 691 2481 782 2541; x_wconf 68' lang='lat' dir='ltr'>ludaeis</span> <span class='ocrx_word' id='word_1_277' title='bbox 798 2486 939 2549; x_wconf 82' lang='lat' dir='ltr'>designantur</span> 
     </span>
     <span class='ocr_line' id='line_1_36' title="bbox 135 2538 941 2656; baseline 0.016 -70"><span class='ocrx_word' id='word_1_278' title='bbox 135 2538 248 2587; x_wconf 84' lang='lat' dir='ltr'>clanffiraa</span> <span class='ocrx_word' id='word_1_279' title='bbox 263 2544 362 2594; x_wconf 86' lang='lat' dir='ltr'>terribilis</span> <span class='ocrx_word' id='word_1_280' title='bbox 378 2543 543 2656; x_wconf 35' lang='lat' dir='ltr'>CorruptionixsI</span> <span class='ocrx_word' id='word_1_281' title='bbox 555 2559 632 2595; x_wconf 85' lang='lat' dir='ltr'>eorum</span> <span class='ocrx_word' id='word_1_282' title='bbox 652 2542 736 2596; x_wconf 85' lang='lat' dir='ltr'>indicia</span> <span class='ocrx_word' id='word_1_283' title='bbox 756 2559 779 2597; x_wconf 92' lang='lat' dir='ltr'>et</span> <span class='ocrx_word' id='word_1_284' title='bbox 799 2564 941 2618; x_wconf 72' lang='lat' dir='ltr'>argumenta,</span> 
     </span>
     <span class='ocr_line' id='line_1_37' title="bbox 142 2616 942 2680; baseline 0.005 -24"><span class='ocrx_word' id='word_1_285' title='bbox 142 2627 143 2631; x_wconf 54' lang='lat'>¹</span> <span class='ocrx_word' id='word_1_286' title='bbox 516 2616 528 2656; x_wconf 84' lang='lat' dir='ltr'>l</span> <span class='ocrx_word' id='word_1_287' title='bbox 888 2632 942 2680; x_wconf 79' lang='lat' dir='ltr'>pec.</span> 
     </span>
    </p>
   </div>
   <div class='ocr_carea' id='block_1_3' title="bbox 0 0 1106 2960">
    <p class='ocr_par' dir='ltr' id='par_1_5' title="bbox 0 0 1106 2960">
     <span class='ocr_line' id='line_1_38' title="bbox 0 0 1106 2960; baseline 0 0"><span class='ocrx_word' id='word_1_288' title='bbox 0 0 1106 2960; x_wconf 95' lang='lat' dir='ltr'> </span> 
     </span>
    </p>
   </div>
  </div>
 </body>
</html>
