2173 2960
177 164 207 211 80
386 156 764 218 1111111111ιῖΡ1111111111111Ρ1111Πζ
800 164 802 167 ’

176 270 276 337 Epistola
291 271 404 337 duplicem
419 273 500 320 statum
510 274 621 322 Ecclesiae
631 273 717 338 primae
726 275 795 340 usque
809 272 836 339 ad
847 274 970 339 Trajanutn
977 279 987 336 ‚'

176 336 277 402 primum
293 349 316 384 et
331 337 474 401 praeteritum
484 337 667 399 laudatisbmum,
682 340 820 404 praesentem
831 339 929 387 manime
940 341 985 387 cul·

177 400 278 466 pandum
295 402 397 460 exhibet,
414 418 442 450 eo
458 415 544 450 tantum
561 416 668 467 excepto,
686 405 745 468 quod
756 404 808 453 odio
824 403 902 451 habeat
917 419 986 466 opera

179 463 354 514 Nicolaiturum.
388 465 469 514 Virtus
488 479 563 514 autern
584 468 659 531 praeci
676 485 715 526 ua,
741 484 807 531 quarn
823 466 935 515 Dominus
950 466 987 512 bic

179 529 284 593 tespestu
300 529 367 578 status
382 530 493 594 praeteriti
508 532 615 591 celebrat,
642 486 674 579 esi
695 532 771 579 ardens
792 531 903 580 Ecclesiae
918 528 987 577 studi-

181 611 234 651 um,
250 593 273 640 id
288 592 335 643 scil.
352 610 364 640 a
380 610 425 656 quo
440 610 499 641 nunc
515 594 640 654 defecerat,
662 610 715 642 curn
731 595 829 658 Epistola
844 595 924 657 scripta
941 591 987 651 est;

181 655 316 720 exprimitur
331 659 423 704 nomine
435 660 564 706 Clruritutir.
598 659 654 706 Illud
664 674 720 706 vcro
729 659 826 707 studium
837 672 887 708 ante
897 659 989 706 demon·

183 722 290 770 straverat
306 720 417 779 Ecclesia,
441 723 524 769 11111111
540 723 687 784 propagando
703 724 837 785 Euangelio,
863 722 902 770 seu
917 723 990 769 labore

182 782 354 849 patientissimo,
371 799 394 831 u.
413 798 434 832 2.
471 787 511 833 ado
527 784 549 831 in
561 784 670 833 Veritatis
685 785 858 834 conservatione
873 798 896 832 et
911 800 991 848 purga·

182 848 258 904 tione,
274 845 375 909 adeoque
390 846 414 894 in
424 847 495 910 folstr
511 847 624 911 Apostolis
639 848 781 911 detegendis:
798 850 827 897 ib.
846 852 891 910 3ti0
905 848 927 895 in
943 847 992 911 qui-

184 912 259 962 busvis
274 908 344 957 Malis
359 910 389 957 ob
404 926 489 960 nornen
505 911 587 960 Christi
597 911 746 974 perferendis,
762 928 784 960 v.
805 927 826 974 3.
861 911 925 977 Quae
935 913 993 958 clara

184 974 218 1025 est
233 972 352 1037 descriptio
372 973 484 1023 Ecclesiae
502 974 646 1040 Apostolicae
665 976 692 1023 ad
707 976 826 1023 Neronem
847 975 926 1039 usque:
949 971 993 1021 Sed

184 1041 213 1088 ab
229 1038 273 1085 hoc
289 1036 361 1085 studio
382 1037 524 1087 desciuerant
546 1055 559 1086 a
574 1040 670 1087 Nerone
685 1039 711 1087 ad
729 1040 866 1102 Trajanum,
889 1055 910 1087 u.
927 1052 951 1097 4,
968 1051 991 1096 5.

187 1100 297 1152 absterriti
312 1100 506 1151 Persecutionibus
516 1103 617 1151 Neronis
631 1119 658 1150 ac
673 1101 811 1151 Domitiani:
827 1102 858 1150 ita
873 1114 898 1149 ut
908 1100 935 1150 de
945 1101 995 1148 zelo

187 1164 326 1231 propagandi
341 1165 466 1229 Euangdii,
482 1167 511 1214 de
526 1165 600 1214 studio
614 1168 721 1229 Martyrii
737 1178 759 1214 et
774 1166 946 1227 Haereticorum
960 1165 995 1212 in-

187 1229 359 1294 quitendorum,
375 1231 470 1278 maritum
484 1228 622 1290 remiserint3
643 1241 740 1293 excepto
759 1230 819 1293 quod
839 1245 907 1293 opera
922 1226 995 1276 Nico·

191 1293 293 1351 laicarum
309 1293 396 1357 semper
411 1294 463 1342 odio
477 1293 607 1353 habuerint,
622 1293 683 1357 quod
693 1292 798 1356 Epistolis
812 1294 872 1341 Petri
887 1309 913 1340 ac
924 1291 996 1355 Judae

188 1358 277 1406 viderur
292 1369 410 1419 acceptum
424 1357 556 1416 serendum3
572 1369 598 1405 ut
612 1370 635 1405 et
650 1353 715 1405 nimis
724 1357 842 1420 improbae
858 1371 936 1404 eorum
952 1355 994 1404 bo·

182 1420 279 1471 'minum
293 1420 396 1471 Haeret.
429 1421 478 1470 Hic
493 1420 525 1469 est
540 1437 606 1470 verus
621 1421 753 1483 conspectus
769 1419 882 1484 Epistulae
896 1421 963 1473 liure.

227 1484 240 1549 ᾗ
265 1485 293 1533 L.
424 1484 523 1549 Epistola
543 1498 619 1535 autem
637 1486 688 1532 Ilua
703 1484 825 1532 secundum
839 1499 880 1530 nos
895 1482 998 1531 describit

193 1546 317 1598 Ecclesiam
332 1562 361 1598 ex
374 1548 480 1611 languore
494 1549 533 1602 illo¹
545 1548 684 1607 restitutam,
700 1547 803 1608 nulloque
818 1546 872 1594 uitio
888 1544 1000 1609 graviori,

194 1611 256 1676 quod
272 1610 383 1674 publicam
399 1612 524 1659 merebatur
541 1611 748 1673 reprehensionem,
763 1611 914 1666 laborantem
935 1609 1001 1657 adeo·
1044 1610 1045 1614 ’

192 1690 238 1738 que
254 1673 326 1728 studio
342 1675 488 1737 Euangelium
504 1673 663 1782 propapaudi,
677 1672 810 1721 l-laereticos
825 1669 1001 1730 exterminandi,

191 1750 216 1785 et
232 1735 365 1785 afflictiones
379 1737 519 1800 perferendi,
535 1736 573 1782 illu
593 1751 653 1783 rem:
671 1736 734 1797 qu'us
744 1734 877 1782 conditionis
887 1732 1003 1795 sequentia

192 1800 218 1852 111
232 1799 269 1851 illu
285 1798 384 1868 Epistola
399 1799 541 1864 reperiuntur
558 1798 659 1847 criteria:
693 1805 706 1855 J
796 1843 797 1846 ,
821 1837 823 1840 f
996 1809 997 1812 ’

424 1864 454 1915 A.
472 1863 574 1920 Titulus,
589 1879 634 1926 quo
650 1861 749 1911 Christus
763 1861 786 1910 se
800 1861 902 1926 insignit,
924 1859 1003 1907 Eccle-

193 1930 248 1978 siam
269 1941 297 1976 ert
316 1927 411 1977 mortuis
430 1928 491 1992 quasi
505 1925 654 1975 resuscitatam
670 1925 783 1990 depingit,
799 1925 899 1989 adeoque
914 1938 943 1971 err
958 1923 1004 1993 col-

194 1994 256 2054 lapso
271 1991 328 2039 statu
345 1992 476 2043 restitutam.
496 1991 577 2054 ,Haec
591 1990 719 2040 instauratio
739 1991 794 2040 solet
808 1988 833 2040 in
848 1991 871 2039 S.
888 1991 910 2038 S.
928 2001 1005 2035 venire

199 2053 293 2108 nomine
309 2055 333 2100 V
332 2055 479 2117 suificatiouir.
996 2062 998 2065 ·

429 2117 455 2163 Β.
477 2118 614 2165 Parenthesrs
632 2118 679 2174 illa,
700 2133 743 2179 qua
764 2118 863 2166 Christus
882 2115 1005 2164 Ecclesiam

199 2181 295 2248 appellat
310 2182 410 2239 (tratrem,
425 2195 482 2244 quae
495 2179 633 2241 praesentem
649 2180 760 2227 Ecclesiae
770 2181 923 2228 conditionem
934 2178 1005 2227 direc-

199 2259 223 2294 te
238 2245 327 2303 desinit,
343 2245 467 2293 luculenter
482 2242 562 2300 docet,
579 2241 702 2290 Ecclesiam
718 2241 762 2289 fide
778 2256 800 2290 et
815 2245 934 2299 charitate,
952 2238 1006 2286 aliis·

199 2325 243 2374 que
257 2309 325 2358 Bonis
339 2308 498 2371 spiritualibus,
514 2305 573 2354 iuter
588 2322 644 2370 quae
659 2304 804 2368 praecipuum
821 2309 920 2354 Gentium
935 2305 1007 2352 iratre-

198 2377 272 2433 ditur,
285 2373 409 2421 abundasse.
443 2373 496 2420 Hae
506 2370 557 2418 sunt
568 2369 694 2434 Spirituales
703 2367 752 2416 illae
762 2369 863 2431 diuitiae,
875 2369 951 2433 quibus
962 2367 1006 2414 Ec-

199 2437 264 2490 clefia
275 2449 331 2487 tunc
345 2436 463 2487 abundauit
473 2437 496 2485 in
512 2435 585 2484 media
595 2444 732 2499 paupertate.
903 2481 921 2544 c
948 2492 966 2542 C

925 2533 930 2544 .
969 2508 1007 2543 utu
