2173 2960
460 163 561 253 Periodm
579 203 620 253 VI.
916 217 945 266 33

139 325 234 391 partibus
254 336 328 389 patet,
345 323 416 372 minus
431 336 483 388 apte
498 322 574 387 utique
589 337 638 370 eam
653 321 771 371 inchoaret
785 325 899 388 prophetia
915 324 943 372 de

138 390 285 439 conversione
307 389 428 447 Gentium,
450 403 497 435 non
513 388 552 434 nili
569 387 620 449 poll
642 387 715 434 omnia
734 388 772 434 illa
789 389 895 436 beneficia
909 389 942 436 lo·

138 471 190 503 curn
200 455 304 502 habitum.
339 452 453 515 Denique*
460 465 482 508 5.
499 450 558 513 quod
575 465 623 497 rem
639 450 743 509 conficit,
765 450 802 515 qui
817 451 854 498 hic
869 452 943 513 populi

139 518 273 581 adpellantur
284 530 338 562 mou
350 515 404 563 vers.
417 532 439 574 9.
451 514 515 577 filiae
525 513 661 576 dlspetsomm
672 515 771 576 epitheto
780 514 943 578 insigniuntur,

139 584 190 645 qui,
205 596 218 626 e
234 591 295 626 trans
307 577 388 642 fluat'ot
407 579 534 642 Cnsclritirlr'r
554 593 629 625 uramus
647 579 675 624 ad
690 579 798 640 Jelrouaur
815 579 944 635 deferrent5

141 643 228 706 dispersi
248 643 415 706 itaque.Judaei
429 656 451 691 et
466 642 587 701 Israelem,
603 640 732 690 leucorum
748 641 842 705 posteri:
860 655 885 690 ut
900 642 944 705 seq.

143 707 209 755 etiam
224 706 313 753 docent.

93 771 96 775 ’
176 771 212 817 Ex
227 785 277 816 mea
291 765 370 833 itaque
381 769 485 833 opinione
501 769 529 817 de
545 769 634 833 Judaeis
650 781 672 816 et
688 767 786 817 Israelitis
802 769 888 831 agitur,
910 768 948 831 qui

142 833 219 898 populi
234 833 383 896 adpellantur,
399 834 448 897 quia
464 835 507 881 hoc
524 846 626 896 ternpore
647 846 708 881 erant
728 833 789 882 diuisi
810 846 832 881 et
853 849 944 894 regno,

144 912 166 946 et
177 895 252 945 animis
260 905 289 944 ‘et
299 896 419 961 religione,
431 897 458 944 de
469 897 546 960 quibus
556 898 592 944 luc
603 895 694 954 dicitur,
710 913 748 945 eos
759 897 780 945 in
796 913 862 945 unarn
878 882 947 945 Iocie-

145 974 220 1016 tatem
230 958 274 1007 elle
289 960 450 1019 redunimdos,
467 973 490 1006 et
502 963 614 1022 politicam
630 973 652 1008 et
666 960 858 1024 Ecclestusticam,
880 962 911 1009 ita
926 972 951 1008 ut

145 1025 195 1089 post
210 1024 298 1071 exilium
309 1023 384 1087 Babyl.
402 1039 454 1071 tritus
471 1025 550 1071 fierent
564 1024 671 1087 populus,
689 1036 712 1072 et
727 1028 790 1081 unius
805 1024 950 1087 ejusdemque

144 1087 369 1152 religlouIscultores.
403 1088 442 1135 Ne
459 1098 533 1136 autem
549 1087 601 1135 huic
616 1088 693 1136 unioni
702 1089 823 1137 multorum
835 1087 950 1152 dispersro-

145 1161 197 1200 nem
212 1152 364 1215 quisputaret
379 1151 478 1211 obstare,
502 1151 562 1199 addit
578 1151 708 1216 Prophetis,
725 1152 785 1215 ipsos
802 1167 890 1216 quoque
905 1150 952 1200 illos

145 1215 252 1278 dispersos
268 1215 378 1277 Jelrouam
396 1215 440 1263 ess'e
464 1227 619 1275 veneraturos,
640 1215 746 1279 suamque
767 1216 951 1264 communionem

142 1281 185 1343 ‘per
195 1279 254 1327 dona
265 1290 287 1325 et
298 1294 403 1339 munera,
415 1278 706 1342 Hierosolymammittenda
717 1279 753 1328 vel
764 1278 898 1340 deferenda,
909 1278 955 1327 elle

145 1342 348 1401 demonstraturos,
365 1342 396 1390 uti
412 1343 539 1405 exemplum
551 1343 584 1390 est
595 1343 661 1393 Zach.
675 1344 719 1393 VI:
732 1358 754 1405 9.
768 1343 826 1407 quod
838 1355 860 1390 et
870 1346 897 1392 ab
909 1343 953 1391 aliis

146 1405 189 1454 fuit
199 1406 335 1469 praedICtum
346 1406 473 1469 Prophetis,
490 1406 522 1453 uti
533 1419 620 1470 praeter
629 1408 678 1456 loca
688 1406 725 1454 hic
741 1406 806 1454 citata
816 1406 874 1458 Hos.
885 1409 915 1456 II:
929 1422 952 1456 2.

116 1520 119 1525 ,
150 1470 194 1532 Jes.
212 1471 254 1517 XI:
274 1485 311 1528 12,
331 1485 367 1531 13.
392 1471 436 1533 Jer.
449 1471 476 1517 L:
492 1485 516 1530 4,
533 1484 555 1529 5.
571 1470 610 1519 ubi
624 1470 669 1520 vid.
687 1472 776 1518 Cornm.
793 1469 875 1520 noster.
909 1472 959 1533 Re·>

147 1534 217 1597 liqna,
234 1535 261 1581 ad
277 1545 347 1581 totum
358 1533 488 1596 Pencopam
503 1534 655 1597 explicandam
671 1534 824 1597 pertinentia,
840 1534 888 1598 peti
903 1552 955 1599 pos·

148 1597 198 1669 sunt
214 1613 246 1709 eff
259 1599 347 1646 Comm.
364 1596 439 1646 nostro
456 1598 483 1646 ad
498 1598 648 1662 Proph.1nin.
666 1614 718 1647 cum
734 1597 757 1646 iu
779 1599 892 1663 publicum
908 1599 958 1648 fue=

149 1673 177 1709 ut
192 1678 222 1708 nu
243 1677 273 1711 us.

183 1725 203 1786 §.
220 1724 330 1773 XXXIX.
379 1729 403 1776 S.
419 1726 517 1787 Populus
531 1726 576 1772 lroc
596 1738 698 1784 tempore
717 1727 844 1774 immediate
859 1725 956 1787 tnagisa

151 1786 203 1833 Deo
218 1787 338 1846 penderet,
355 1800 419 1843 quam
436 1796 513 1831 antea:
530 1785 636 1845 Regnum
653 1784 698 1830 Dei
714 1787 758 1832 noe
773 1799 875 1848 tempore
886 1789 957 1852 magis

149 1838 292 1910 conspicuum
314 1843 373 1891 foret
388 1844 410 1891 in
432 1845 507 1894 medio
526 1846 616 1908 populi3
633 1858 657 1893 ut
672 1847 705 1894 est
721 1849 801 1912 Obadj.
818 1852 851 1899 V.
867 1850 957 1902 ultimo.

151 1909 194 1974 Jel.
207 1909 318 1956 XXXIII:
332 1921 368 1956 22.
387 1908 476 1959 XXIV:
490 1922 528 1971 2'3.
562 1910 676 1961 XXVIII:
689 1925 711 1969 5.
745 1911 828 1961 Ezech.
840 1914 954 1966 XXXIV:

155 1990 182 2023 11
201 1972 258 2038 [βίῃ.
293 1970 364 2020 Mich.
381 1973 413 2022 II:
432 1988 469 2036 13.
503 1973 547 2022 IV:
571 1978 593 2025 8.
627 1975 709 2022 Forma
734 1975 876 2038 RegimInis,
903 1994 959 2042 quae

151 2050 207 2085 tune
227 2034 335 2094 obtinuit,
357 2035 387 2083 fic
401 2036 446 2084 fuit
464 2035 575 2096 instituta,
596 2049 623 2085 ut
644 2038 690 2085 Dei
710 2038 824 2102 Regimen
843 2044 962 2106 praeeIpuc

153 2100 267 2150 enituerit:
287 2115 327 2162 per
342 2099 420 2147 Duces
435 2115 481 2148 non
496 2111 597 2159 tanturn,
623 2100 661 2147 sed
682 2113 705 2148 et
721 2103 850 2153 Sacerdotes
870 2109 962 2170 regeba-

152 2178 189 2216 tur
205 2165 312 2227 Populus,
328 2163 432 2212 Personas
449 2164 501 2212 Deo
518 2164 607 2222 Sacras3
623 2176 647 2212 ut
663 2164 696 2211 est
711 2166 781 2217 Zaeh.
797 2170 839 2217 III:
856 2183 879 2231 7.
913 2172 961 2220 Ac-

154 2230 227 2289 cessrt‚
243 2229 289 2276 illos
300 2228 377 2291 pallrm
391 2226 457 2276 fuille
472 2244 484 2276 a
501 2228 585 2290 Spiritu
600 2229 645 2276 Dei
660 2228 780 2290 animatos}
797 2233 852 2281 adeo
868 2246 894 2282 ut
905 2250 961 2285 non·

153 2294 208 2341 nulli
222 2306 310 2359 quoque
326 2291 408 2355 Spiritu
423 2292 557 2355 Prophetico
572 2292 640 2355 gavisi
656 2291 711 2351 fiut3
733 2294 795 2357 quod
816 2296 844 2345 de
860 2299 963 2362 Johanne

160 2358 269 2417 Hyrcano
285 2356 371 2405 dicitur.
406 2357 468 2404 Deus
485 2371 573 2419 quoque
582 2357 605 2404 se
616 2356 679 2405 uadis
694 2356 747 2405 suae
763 2360 877 2422 potentiae
888 2364 963 2427 Speci-

155 2417 249 2464 minibus
265 2433 288 2467 et
314 2419 508 2469 Beneditttontms
533 2419 691 2470 demonstrauit
711 2422 798 2484 Populo
818 2425 962 2489 praesentem.

156 2478 199 2529 Sed
214 2493 256 2540 qua
271 2484 358 2533 ratione
375 2483 430 2535 haec
444 2484 526 2534 Forma
536 2484 599 2535 breui
614 2483 728 2536 obscurata
743 2486 784 2551 fit,
800 2504 846 2539 non
861 2502 906 2539 tam
922 2506 964 2553 per

565 2548 585 2597 E
781 2593 786 2597 .
909 2554 965 2607 Mu.
