2173 2960
132 199 177 256 258
247 243 248 246 ,
359 191 430 244 Serum
450 193 591 245 Academicus
616 193 710 245 semiue

138 365 191 400 nuru
205 349 417 413 adpellarnus‚·nibis
434 348 635 399 adcommodatiusi
670 350 744 413 Quam
760 351 783 401 in
803 365 852 401 rem
869 352 885 401 sr
901 370 950 404 ora»

141 417 225 463 cionem
242 415 352 478 defigere,
369 415 385 463 si
394 414 418 463 in
430 430 456 462 ea
473 413 549 462 multis
564 415 711 475 commorari,
723 427 746 463 eu
761 431 802 480 per
817 416 900 480 fingusa
915 416 950 466 ire

142 479 237 538 vellem,
254 480 290 527 ubi
305 481 439 542 inciperem,
450 479 489 527 ubi
504 479 611 527 finirem?
632 477 649 526 sr
665 479 805 529 necessariam
824 480 949 544 judicarem

139 543 309 601 trauadmem,
325 543 353 591 de
368 542 505 602 uobi‘smase
522 541 627 605 opinandi
641 559 654 591 a
668 543 794 608 suspicione
815 544 855 592 uix
869 544 948 594 libera·

88 606 99 616 ‘
141 607 160 656 ri
175 606 268 670 possem
303 608 349 656 Res
363 608 413 655 luce
428 606 498 668 fulget
513 605 579 654 nimis
594 609 667 666 claro,
684 625 724 658 vos
740 608 820 657 reciduo
830 608 947 669 instrueii,

142 685 164 719 ec
175 670 314 734 superiorum
326 683 453 731 temporum
469 667 591 727 memoria,
608 669 675 717 nimis
691 672 763 719 adhuc
776 685 884 733 recente,
901 688 949 721 me-

141 736 183 783 lius
198 734 272 781 edomi
288 734 351 794 estis,
372 736 411 793 A„
427 748 494 798 quam
514 744 540 779 ut
560 731 607 780 solo
628 733 708 781 Satara
723 735 817 797 dignum
833 736 879 784 esse
894 737 948 785 illud

139 798 278 856 institutum,
296 799 331 845 vel
344 796 494 862 ignoraretis,
507 796 543 844 ves
568 794 628 844 dubii
654 797 780 846 haereretis.
815 798 853 845 Ad
876 799 948 863 ipsam

140 878 232 921 eorum,
249 860 287 925 qui
301 861 325 909 in
340 862 400 910 bisce
416 862 509 909 Satanae
525 859 602 908 castris
617 859 724 921 militam,
742 863 947 925 provocareausrm

139 925 310 984 conscienciam,
326 924 399 989 ipsum
415 939 493 973 eorum
505 923 629 987 judicium,
645 923 700 974 nihil
716 925 831 985 dubitans,
848 926 915 990 quin,
932 927 949 977 sr

139 991 176 1039 ves
195 989 268 1038 insitas
288 988 356 1037 animi
377 988 478 1037 notiones
498 987 628 1045 excuciant,
650 990 686 1037 vel
711 989 810 1053 impetus
833 990 949 1053 flagrantis

140 1053 209 1102 animi
224 1052 344 1113 ceciderit,
360 1054 395 1102 ves
411 1065 434 1100 et
451 1064 529 1100 eontra
543 1051 567 1100 se
581 1052 680 1101 adhiberi
696 1053 852 1118 experiantur,
869 1054 947 1105 secuu-

89 1159 91 1162 ,
139 1118 240 1167 durnme
256 1116 297 1165 sinc
312 1116 486 1180 pronunciatum.
998 1119 1000 1123 ’

172 1181 193 1246 s.
210 1182 263 1230 XX.
370 1179 442 1239 Deus,
459 1192 484 1227 uc
499 1178 592 1243 carptim
603 1179 684 1241 aliquid
695 1178 844 1243 adstringam,
861 1198 891 1231 ne
902 1182 948 1232 fine

138 1246 283 1309 peroratione
309 1245 344 1293 eui
370 1260 438 1293 nerno
463 1243 582 1303 irascetur,
609 1242 656 1291 nisi>
671 1242 705 1291 sui
727 1244 859 1304 accusator,
882 1246 948 1296 nimis

139 1311 234 1373 abrupte
249 1322 272 1357 ec
286 1308 390 1357 indecore
405 1307 495 1366 finiam,
512 1323 564 1355 cum
583 1305 687 1368 ipsrffirna
707 1305 734 1354 srt
748 1312 829 1357 ueritus
845 1322 867 1358 et
879 1311 948 1375 justi·

139 1377 186 1432 riu,
203 1374 240 1421 sua
256 1372 380 1435 purissima,
400 1371 491 1435 ipseque
512 1386 541 1418 ex
561 1370 653 1430 animo,
670 1370 693 1419 in
703 1370 786 1434 spiriru
803 1385 826 1419 er
841 1378 946 1433 ueritum,

139 1437 185 1485 cosi
202 1436 271 1496 vesic,
292 1437 410 1499 praecipua
428 1436 475 1499 ejus
496 1436 569 1482 cuitus
583 1449 633 1497 pars
653 1434 676 1482 in
692 1434 790 1498 imagine
806 1436 851 1484 Dei
872 1438 947 1501 expri-

139 1501 233 1560 menda,
248 1513 275 1555 et
285 1499 485 1558 virtuee‘cosenda,
496 1498 536 1546 sua
551 1497 591 1556 su,
607 1498 722 1545 bominem
733 1513 848 1562 praeterea
863 1502 948 1550 ratione

139 1576 163 1612 et
178 1565 280 1612 libertate
295 1562 419 1622 ornaverit,
435 1562 475 1611 srbi
490 1577 580 1626 qnoque
596 1563 741 1609 credendorum
756 1575 779 1610 et
793 1564 946 1627 fucicudurmu

136 1630 239 1691 regulam
256 1627 395 1677 conscientiis
410 1625 586 1690 praescribendi,
598 1638 621 1673 ec
642 1625 670 1673 de
685 1624 804 1676 hominum
818 1629 948 1692 judiciis‘et
977 1646 978 1649 ¹

139 1692 263 1747 ustionibus
275 1691 385 1755 judicium
401 1690 498 1750 serendi,
514 1689 650 1752 potestatem
665 1689 824 1751 reservaverit,
845 1693 947 1742 homines

137 1756 236 1819 denique
251 1756 293 1804 *hac
309 1768 373 1819 parre
389 1754 488 1817 aequales
501 1752 596 1812 sceeric,
611 1752 700 1817 illique,
716 1765 741 1801 ut
756 1755 828 1803 amice
848 1768 871 1804 et
887 1757 947 1820 paci

138 1822 182 1869 sice
193 1822 356 1881 secnm‘agant,
369 1827 396 1866 ec
411 1818 488 1867 felices
503 1817 559 1877 sint,
587 1830 612 1867 ro
628 1816 714 1865 summa
728 1817 766 1865 sua
783 1818 883 1880 bonitate
905 1837 946 1870 vo-

136 1883 214 1933 sue'ric:
242 1883 307 1948 quid,
326 1882 422 1948 quaeso,
443 1893 550 1931 unauna
597 1881 617 1929 ei
637 1880 740 1940 alienior,
761 1881 814 1945 quid
834 1882 904 1947 scopo
925 1897 949 1933 et

138 1948 342 2011 relationibusque
358 1947 385 1995 ad
400 1963 441 1995 nos
456 1944 528 2009 magis
539 1945 691 2004 contrarium,
707 1945 759 2009 quid
775 1946 802 1994 ad
818 1948 947 2011 religionem

140 2029 230 2071 ueram,
245 2012 272 2059 ad
288 2027 382 2075 reguum
398 2010 444 2059 Dei
459 2026 472 2058 e
487 2009 564 2059 medio
577 2010 698 2059 cossendum
714 2009 787 2073 apcius
798 2007 843 2058 bac
859 2014 947 2061 mecho·

140 2076 170 2125 d'o
184 2076 305 2134 ‘excogitari
318 2074 412 2137 poncii?
950 2123 951 2126 Ἰ

169 2139 192 2204 s
210 2140 274 2187 Xsss.
370 2138 518 2186 'Christianam
533 2138 679 2202 religionem,
694 2149 720 2186 er
729 2137 871 2198 societatem,
882 2156 949 2203 quam

139 2203 258 2266 Ecusqduru
279 2212 400 2260 vocamus,
416 2216 547 2265 quacunque
567 2217 630 2262 parce
650 2204 841 2262 concemfplenrur3
855 2201 906 2265 stae
922 2203 950 2249 ad

138 2269 187 2331 ‘ejus
195 2271 315 2326 birrorum,
327 2265 419 2314 unicum
428 2278 457 2312 >ac
468 2263 597 2327 supremum
608 2264 694 2325 Caput,
704 2263 843 2311 mitissimum
855 2280 877 2312 er
885 2264 946 2328 opri-

138 2342 203 2379 Imuna
218 2331 355 2391 Dosrorem,
367 2330 430 2377 sinud
445 2328 625 2390 benigniffimurn
645 2326 747 2374 omnium
769 2326 905 2375 seruatorem
926 2340 948 2376 et

142 2395 282 2455 Dominum,
295 2397 388 2458 ejusque
404 2392 485 2456 agendi
498 2391 624 2450 racionem,
641 2403 707 2454 quum
723 2389 782 2437 inter
798 2391 899 2440 homines
915 2405 947 2440 ce·

140 2461 188 2509 aurit
203 2458 263 2523 ipse,
275 2460 349 2507 oculos
366 2468 493 2515 ceraunium
505 2455 552 2518 stre
569 2456 653 2519 regiam
670 2464 692 2501 e'c
708 2454 907 2504 cbaracscristiearn
918 2457 949 2505 ci·

138 2524 201 2575 nium
219 2535 241 2571 et
255 2524 407 2573 membrorum
423 2522 471 2585 ejus
487 2522 560 2586 segem
572 2521 713 2579 charitatum,
730 2520 758 2567 ad
772 2518 826 2584 ipfhs
842 2520 911 2586 austu
922 2531 948 2619 ser

787 2599 790 2603 ’
881 2596 951 2647 sebi*
