2173 2960
168 178 200 236 76
364 170 370 172 ’
385 175 482 224 llliiliiili'
496 173 632 236 Prophetiam
647 173 703 234 Pais
718 173 753 222 ii.

166 281 266 339 internae
282 290 409 341 statuendas
420 292 477 352 elle3
493 304 517 340 iit
527 291 600 356 prima
609 292 636 340 fit
646 290 758 340 Ecclesiae
768 291 878 353 fervidae,
894 293 970 343 secun·

166 355 195 402 da
210 354 339 419 tepidioriS,
354 356 418 405 tertia
433 357 514 405 iteruni
529 356 636 407 fervidae.
670 357 817 420 Respondes:
835 354 873 422 (r)
891 358 970 421 Tepor

166 417 312 468 intermedius
328 421 421 469 fervoris
437 421 628 469 continuationem
643 432 731 469 tanturn
745 419 875 483 intercepit,
887 421 970 492 quipp-e

166 484 205 547 qui
215 484 328 547 paululum
342 484 442 533 remissus
457 486 529 550 erupit
544 501 598 534 niox
612 485 693 533 iteruin
707 486 730 532 in
742 487 865 544 flaianum,
886 497 912 532 iit
925 500 971 546 pri·
1046 478 1049 489 '

167 563 218 595 inae
234 562 257 595 et
273 548 347 596 tertiae
363 550 450 597 Periodi
470 566 525 598 unus
544 549 571 597 sit
587 549 712 607 charadler,
733 549 832 612 adeoque
851 550 873 596 in
905 562 971 595 encre

110 626 111 629 ’
168 627 212 658 una
226 611 343 670 Periodus,
364 629 420 675 quae
434 612 530 676 Eclipsrn
552 612 610 674 passa
626 612 665 661 est.
699 611 737 675 (a)
754 613 840 661 Periodi
855 564 905 676 poli
921 612 970 659 Ne·

167 689 248 722 ionem
264 675 491 738 demurncoepeiunt
507 690 605 733 currere,
622 675 638 722 si
654 690 702 722 reni
718 689 818 724 accurate
829 677 921 724 definire
933 691 971 723 ve·

165 738 243 785 limus:
265 736 397 799 sunt-enirn
417 739 504 787 Periodi
524 738 634 786 Ecclesiae
651 739 698 801 jain
718 737 825 787 fundatae
840 752 862 787 et
877 739 971 788 etesiae.

167 799 272 849 Periodus
292 800 423 862 Apostolica
445 802 477 850 est
498 801 607 850 Ecclesiae
627 800 742 859 fundatio,
763 818 818 864 quae
839 804 925 852 duravit
946 803 973 853 ad

166 865 300 922 Neronem,
317 879 387 927 quuni
402 867 515 930 praecipui
528 865 654 912 fundatores
674 863 756 911 mortui
776 866 840 922 sunt3
850 866 974 928 longaevi-

167 940 200 976 tas
220 926 327 989 Johannis
346 926 379 974 est
393 930 470 990 *plane
492 926 669 978 extraordinaria.
703 928 765 990 Ergo
780 931 803 976 ll
817 940 903 977 tanturn
923 929 973 978 sunt

167 989 255 1041 Periodi
271 990 337 1039 faciei
351 991 463 1040 Ecclesiae
477 992 594 1041 interioria.

200 1054 289 1103 XLVI.
396 1055 448 1103 Alia
467 1056 540 1105 adhuc
559 1055 654 1104 tollenda
674 1054 800 1113 difficultas,
827 1071 892 1120 quani
912 1056 972 1105 idem

168 1119 288 1167 Charader
298 1117 397 1181 internae
407 1130 430 1166 et
441 1131 545 1168 extentae
559 1117 624 1167 faciei
633 1118 744 1166 Ecclesiae
753 1120 831 1167 habet:
848 1119 903 1167 sicut
913 1119 973 1168 enirn

169 1183 236 1231 Zelus
248 1182 387 1247 'propagandi
403 1182 522 1247 Euangelii
536 1182 647 1231 internam
663 1181 753 1241 definit,
768 1183 798 1230 ita
807 1183 852 1245 ipsa
862 1184 972 1246 Propaga-

169 1248 202 1294 tio
218 1259 344 1295 externam:
361 1245 465 1294 residente
481 1258 555 1295 autern
570 1246 639 1303 Zelo,
654 1246 787 1307 Propagatio
798 1261 886 1309 quoque
900 1247 975 1295 minor

168 1309 226 1359 fuit:
242 1309 259 1357 fi
274 1325 328 1372 eigo
344 1310 409 1358 Zelus
423 1309 522 1358 remissus
537 1321 559 1357 et
573 1309 682 1356 resumtus
697 1308 751 1355 duas
766 1309 887 1356 constituat
898 1310 974 1358 Perio-

169 1374 210 1422 dos
224 1372 333 1431 internas,
345 1386 406 1421 certe
416 1374 548 1437 Propagatio
558 1371 659 1430 remilla,
676 1382 698 1417 et
708 1371 781 1434 vigori
796 1371 909 1430 restituta,
920 1372 974 1420 duas

169 1452 260 1549 qussoque
275 1437 365 1488 deberet
379 1437 468 1487 efficere
482 1436 588 1487 Periodos
603 1448 712 1486 externas.
746 1435 809 1502 Quae
824 1435 939 1484 difficultas
949 1447 974 1485 iit

168 1513 195 1551 to
210 1512 257 1549 atur

263 1538 271 1621 3
399 1579 419 1615 a.
435 1563 532 1615 Observa
545 1561 618 1613 stuata
633 1561 760 1625 Religionis
776 1573 799 1609 ee
814 1562 931 1611 coartatis
941 1579 975 1611 ie-

169 1628 298 1677 missionem
308 1641 357 1677 turri
368 1628 485 1691 obtinuisse
495 1626 519 1675 in
528 1626 670 1684 universum,
686 1641 732 1672 non
743 1636 829 1672 tantum
838 1642 880 1688 pro
897 1627 976 1687 agandi

168 1691 300 1754 Euangelii:
321 1691 419 1740 srZelus
433 1690 602 1754 promovendae
621 1687 733 1737 Ecclesiae
752 1700 840 1754 tantuna
851 1642 975 1749 rescidisset,
1050 1735 1052 1739 ,

168 1767 256 1806 caetera
272 1754 376 1818 viguisset
393 1752 478 1804 iiraliis
498 1751 630 1811 virtutibus,
650 1750 772 1800 Perioduin
792 1750 918 1800 dtsttiittan
936 1753 976 1802 vix

169 1820 261 1870 efficere
274 1815 391 1882 potuisset.

401 1880 423 1930 b.
439 1879 496 1928 Zelo
511 1877 613 1939 remiss0,
630 1878 749 1928 Charasier
764 1878 854 1941 quidem
864 1880 974 1942 Propaga-

170 1945 238 1994 tionis
251 1944 369 2008 Euangelii
383 1944 457 1993 minus
472 1942 604 2007 conspicuus
618 1940 674 2003 suit,
696 1959 741 1992 non
761 1955 838 1991 tamen
853 1943 917 2004 plane
936 1957 975 1991 ex·

171 2008 276 2055 stindlus:
291 2008 344 2055 licet
354 2007 451 2071 tepidius
460 2006 487 2054 sit
498 2007 612 2065 Studium,
629 2006 705 2071 Regni
715 2019 791 2056 tamen
803 2004 884 2055 Christi
894 2008 976 2068 Propa-

121 2117 124 2123 ,
172 2069 236 2133 gatio
251 2080 327 2115 tenere
341 2069 436 2132 aliquem
449 2072 524 2118 locuni
543 2070 631 2135 potiiit;
651 2070 703 2119 licet
718 2086 765 2120 non
781 2085 807 2120 ea
821 2067 939 2134 rapiditate
954 2081 976 2118 et

174 2130 310 2191 extensione.
364 2154 366 2158 >
531 2148 532 2151 ¹
754 2178 756 2181 .

404 2211 424 2244 c.
440 2192 549 2243 Diversae
564 2193 653 2242 Periodi
669 2194 781 2243 exterioris
792 2196 923 2245 conditionis
933 2195 975 2245 lla-

173 2260 206 2308 tui
221 2271 336 2323 nequeunt
342 2276 349 2320 3
366 2259 425 2323 quod
441 2257 495 2306 alius
510 2270 558 2305 turn
574 2272 618 2305 non
640 2257 684 2304 suit
706 2257 823 2316 Cliaiasler
839 2259 975 2323 distinguens

173 2335 286 2372 externus.
307 2323 383 2373 Facies
394 2322 490 2372 exterior
500 2321 610 2370 Ecclesiae
620 2337 633 2368 a
643 2322 736 2369 Nerone
746 2322 773 2369 ad
785 2323 907 2385 Trajanuin
922 2323 973 2371 nihil

171 2387 276 2451 praetulit
291 2387 408 2451 singulare,
418 2395 419 2398 ’
430 2387 489 2451 quod
505 2401 555 2435 eain
576 2384 707 2449 distinguere
721 2385 800 2448 polsit3
815 2386 904 2434 interior
920 2402 974 2450 ergo

171 2451 240 2504 facies
254 2452 313 2503 illarii
329 2452 401 2502 verius
415 2451 502 2503 definit.
535 2450 640 2501 Exterioi
649 2460 736 2515 praeter
746 2448 854 2502 interioris
863 2449 974 2560 Eeelgsliae

517 2549 519 2555 -
640 2547 643 2555 .
942 2528 974 2562 ii·
