2173 2960
204 238 239 287 De
250 229 395 283 Foootdrdoota
406 237 427 274 et
438 226 530 277 violenta
541 211 662 297 Resigt'ottir
672 223 762 275 'tttoodoo
772 223 819 281 &a
870 240 917 286 249

112 395 185 444 miseri
200 390 316 443 mortales:
334 386 446 451 adeoque·
452 402 472 448 3.
494 385 517 434 in
539 399 565 431 ea
581 381 686 431 societate
703 384 809 445 Regnum
826 386 919 435 Satanae

112 473 134 507 et
145 459 201 517 esse,
217 471 240 503 et
252 453 297 502 sese
308 450 432 509 ostentare,
449 451 472 498 in
483 465 526 514 qua
537 448 578 495 hae
590 460 658 505 artes,
676 447 716 496 hae
727 448 860 510 violentiae,
872 450 917 512 pri·

67 535 70 538 ’
102 515 158 570 'raras
169 532 259 575 teuent,
276 516 379 576 illamque
396 514 549 576 Religionem,
567 511 756 576 qualemqualem
773 510 839 560 etiam
854 516 917 572 alias,

110 585 250 634 Diabolicun
267 579 355 629 vibrare
369 576 464 634 faeiem,
481 590 537 640 quae
553 588 589 619 eas
605 574 640 621 vei
656 573 767 634 admittit,
783 577 820 623 vel
841 576 918 634 sovet,

111 636 268 708 vesimpemt.
302 656 325 701 4.
354 642 411 687 Cum
437 655 492 687 vero
512 635 598 686 Divina
619 636 696 700 religio
713 639 822 701 ejusmodi
843 641 920 687 mediis

56 746 58 750 ,
111 726 154 758 nec
170 724 225 770 opus
241 708 337 760 habeat,
350 719 392 751 nee
406 704 440 764 uti
456 704 535 761 soseat,
553 701 618 759 fassa,
635 703 670 748 ves
687 716 804 766 corrupta,
821 716 845 750 ut
862 706 920 752 inter

72 788 75 794 ·
111 770 299 832 horninessedem
310 769 378 831 figat,
390 783 481 815 onmem
493 778 562 815 navat
572 766 749 829 oper·am,eique
760 767 920 831 patrocinatur.

111 836 175 902 Quae
191 833 296 898 quamdiu
312 831 356 879 sese
373 848 386 878 a
406 831 518 879 fraudibus
537 842 560 877 et
575 829 684 876 violentiis
704 830 726 878 in
747 830 770 878 se
790 831 881 879 tutanda
898 843 921 880 et

109 894 379 956 difftrndendafabstinet,
401 908 487 943 tantum
508 892 569 941 abest
584 904 610 939 ut
625 892 655 940 in·
665 893 804 943 Diabolicam
821 896 919 959 degene-

109 963 164 1011 rasse
180 960 255 1009 haberi
270 960 361 1019 debeat,
378 960 441 1006 utin
457 956 577 1007 versutias
599 968 622 1002 et
644 956 719 1004 divina
740 958 839 1006 Ecesefia
857 961 918 1008 Sata-

110 1043 148 1075 nas
168 1026 274 1073 thronum
294 1022 358 1072 suum
381 1021 475 1085 erexisse
491 1019 613 1069 censendus
630 1019 850 1080 srt,.srhancvia1n
867 1022 918 1071 insr·

109 1090 184 1139 steret.
823 1095 824 1099 ’

142 1154 162 1218 §.
180 1154 211 1201 X.'
336 1149 364 1196 In
376 1147 506 1197 dominante
516 1146 588 1195 hoece
599 1146 717 1207 Diabolico
728 1148 867 1211 eharaeiere,
880 1166 919 1198 cu·-

106 1216 141 1280 jus
157 1216 252 1263 summas
269 1212 322 1262 duxi
337 1214 418 1270 lineas,
435 1210 621 1271 demonstrando,
639 1211 746 1275 vobisque
767 1212 795 1261 de
815 1228 843 1261 eo
864 1229 920 1262 eon-

108 1279 234 1338 vincendis,
250 1291 275 1326 ut
286 1278 327 1325 rite
338 1290 360 1323 et
371 1276 450 1324 ordine
465 1275 555 1334 verser,
566 1278 637 1337 ptimo
650 1287 672 1321 et
687 1287 738 1324 ante
748 1276 824 1325 omnia
839 1278 866 1325 ad
881 1293 922 1341 ge-

108 1344 204 1391 neralem
216 1345 309 1391 Satanae
324 1339 452 1404 quaiitatem
468 1341 595 1410 moralem,¹
605 1340 706 1386 omnium
717 1340 765 1404 ejus
778 1341 921 1390 moliminum
990 1372 991 1375 =
1046 1368 1047 1371 =

108 1407 197 1454 fontem
213 1419 235 1453 er
251 1419 367 1463 normam,
384 1417 517 1469 quamtum
534 1416 626 1451 nomina
641 1404 689 1465 ejus
705 1416 729 1451 et
745 1403 858 1467 epitheta,
873 1416 922 1453 turn

108 1469 227 1522 euidentia¹
242 1471 370 1533 scripturae
390 1470 439 1529 ioca
459 1467 603 1530 depingunt,
625 1468 712 1515 animos
733 1468 821 1516 adverti
843 1467 920 1518 veiim.

109 1534 223 1592 Nomina,
239 1533 287 1580 srve
302 1530 406 1594 propria,
422 1530 469 1578 five
485 1531 593 1591 figurata,
610 1528 689 1593 quibus
705 1530 765 1579 sacer
781 1527 819 1579 hid
835 1531 923 1595 spiritus

107 1596 132 1643 in
148 1595 228 1658 Script.
247 1595 321 1652 venit,
337 1595 438 1641 animum
453 1593 567 1641 fraudibus
583 1604 605 1642 et
616 1593 728 1643 violentiis
743 1595 886 1654 immersum,
898 1608 922 1645 et

60 1709 61 1712 ,
109 1658 133 1706 in
143 1659 244 1707 homines
255 1658 418 1719 hominumque
428 1656 545 1721 societates
561 1657 676 1717 hostilem,
688 1660 825 1721 exprimunt.
850 1660 921 1729 'Quid

100 1721 175 1769 *enim*
185 1722 242 1770 aliud
258 1724 355 1770 Soronoo
370 1732 393 1768 et
409 1721 502 1768 Diaboli
521 1721 626 1781 nomina,
642 1721 694 1769 illud
713 1723 856 1782 Hebraeum,
876 1728 923 1773 noe
967 1760 970 1765 .

110 1785 237 1846 Graecum,
253 1787 331 1849 quibus
342 1784 448 1832 nefandus
459 1784 495 1831 hie
510 1784 599 1847 spiritus
615 1785 684 1845 sosas,
702 1787 773 1835 nullus
787 1786 852 1843 titius,
871 1800 921 1854 tan<
951 1793 953 1798 '

108 1863 176 1911 quam
186 1848 226 1912 ipst
237 1848 345 1912 propriis,
357 1845 488 1909 insignitur,
503 1847 545 1895 sibi
556 1848 652 1897 volunt?
662 1848 728 1910 quid,
744 1848 923 1912 nififrooduseo

109 1909 162 1959 troo
171 1923 193 1957 et
204 1913 320 1961 'violentum
331 1909 496 1959 adversarium?
511 1909 585 1969 Prius,
602 1910 654 1982 lidda
666 1912 749 1971 Soron,
761 1914 820 1976 quod
835 1913 859 1962 in
869 1916 925 1979 for·-

110 1973 231 2038 ovotrffluro
244 1980 340 2023 roocoro'
351 1986 373 2022 et
394 1977 438 2022 odio
459 1973 527 2038 orosto
542 1973 616 2035 sedem
627 1975 710 2034 habet,
728 1975 804 2024 animo
821 1988 843 2024 et
858 1980 925 2027 vultu

108 2037 276 2087 obstinatiffimo
298 2038 408 2087 adversari
433 2038 531 2088 denotat.
570 2037 681 2086 Posterius
707 2038 800 2095 dtossouo'o
826 2043 924 2090 diodolus

110 2104 210 2151 collidam
225 2104 345 2150 lodororem
361 2102 437 2161 fimat,
454 2102 517 2150 srmul
531 2103 745 2168 oosomor'otoromet
754 2103 842 2168 falsum
858 2122 926 2155 acen,
981 2132 983 2134 v

46 2171 47 2174 ’
108 2166 204 2214 satorem
223 2166 301 2230 srgnat.
335 2166 465 2230 Utrumque
485 2166 613 2229 Principem
634 2166 663 2214 ob
684 2167 761 2214 oculos
780 2168 863 2229 ponit,
886 2167 925 2234 qui

111 2230 237 2289 fraudibus,
250 2229 377 2289 calumniis,
389 2228 570 2278 infestationibus
581 2241 604 2276 et
615 2228 802 2279 dessrustionibus
811 2232 928 2282 hominum

108 2293 176 2342 unice
191 2294 326 2352 desedimus,
343 2306 365 2340 et
381 2292 406 2341 in
422 2292 447 2341 iis
463 2305 523 2341 totus
534 2292 572 2341 est.
590 2302 592 2307 ·
608 2293 662 2341 Nec
678 2293 742 2341 aliam
757 2293 860 2344 suscitant
876 2297 924 2344 ide-

108 2373 158 2416 am,
176 2371 288 2423 quotquot
304 2369 429 2406 oeeurrunt
445 2356 537 2405 nomina
553 2355 731 2415 emblematica„
741 2358 851 2418 Serpentis
869 2362 926 2410 anti·

109 2420 160 2480 qui,
182 2422 304 2480 Draconis,
326 2423 405 2469 Leonis
427 2424 546 2483 rugiorrtir,
568 2432 590 2468 et
610 2435 666 2482 quae
686 2419 736 2469 sunt
759 2422 805 2472 asia.
848 2424 927 2492 Quid?

113 2484 173 2541 quod
189 2492 284 2552 rotrodo
299 2487 368 2532 molus
385 2486 420 2532 r'llt
438 2485 539 2533 absolute
555 2496 577 2532 er
594 2484 649 2532 solus
665 2483 794 2546 adpelletur.

142 2544 163 2605 §-
180 2547 221 2596 XL
339 2546 452 2596 Consulite
464 2564 524 2597 nune
534 2563 627 2600 mecum
645 2548 801 2613 Scrirtdoea,
817 2568 874 2615 qtrae
889 2568 928 2616 ge-

524 2611 548 2660 ri
618 2616 621 2620 '
752 2632 753 2635 ¹
849 2616 929 2669 nuinas
