2173 2960
413 198 521 250 sinebatia
537 198 655 248 Generalis,
909 215 941 261 45

365 319 385 365 b.
402 318 503 366 Dubium
521 317 565 376 est,
583 332 637 364 mim
653 315 738 380 septem
756 314 801 362 (lies
813 317 940 366 Cicatinnis

134 377 157 426 in
174 382 269 444 mystico
282 379 403 428 creationis
418 382 531 429 intellcebi
542 381 669 443 pei·iiiicaiit
680 381 706 427 ad
718 377 813 426 totidem
828 382 941 430 Ecclesiae

134 444 204 493 Fata?
221 462 276 493 num
291 443 423 505 inpletum
440 445 527 507 aliquod
538 445 596 492 aliud
612 444 705 490 habeant
715 454 804 504 praeter
819 445 939 505 perseslio-

134 506 168 554 nis
189 508 363 571 aigii'meiittiiii?
390 507 414 554 Si
431 522 529 570 regerat,
556 520 623 570 quate
644 522 698 567 eigo
719 506 757 553 sex
773 504 819 553 dies
834 507 941 556 creationi

133 570 236 628 insumis,
254 583 276 617 et
292 571 354 617 Datis
369 570 465 634 septimo
482 570 519 618 die
535 569 638 634 quievit?
667 569 728 636 Quid
749 568 765 616 si
786 585 823 616 me
838 569 941 633 ignorare

133 634 308 693 responderem?
325 634 368 681 Sed
385 636 413 688 tle
430 633 551 682 &cationis
566 632 674 697 mysterio
690 648 751 681 mox.

165 697 185 760 ᾗ,
203 698 232 745 X.
358 700 384 747 Β.
402 697 497 746 Solidior
517 710 591 745 autem
612 697 672 744 soret
688 697 756 744 Ratio
777 712 832 760 quae
847 699 874 744 ab
890 696 941 759 ipsis

133 760 223 819 Rebas,
241 761 320 823 quibas
331 778 435 810 nimietas
445 761 481 809 ille
492 761 628 825 applicatur,
645 760 782 824 dciivatejtia
793 761 939 823 mysterium,

132 823 149 870 si
161 824 206 872 Res
217 825 276 888 ipsae
292 825 318 873 ad
331 828 383 873 Fata
394 826 505 874 Ecclesiae
521 825 620 882 diversa,
644 825 683 871 sbi
699 825 851 884 succedentia,
868 825 938 888 petti-

132 901 211 948 neant‚
239 890 269 936 fic
285 890 400 938 Nameitis
420 888 556 953 septenarius
571 890 621 937 Vll
637 890 690 935 Fata
705 890 826 935 liictileiitei·
842 890 937 936 alcinon-

129 950 214 1002 sti‘ntet.
249 954 410 1016 lttqttltetitlttitt
430 954 516 1016 itaque,
538 969 593 999 num
608 952 661 999 tales
681 967 727 1011 ies,
749 967 804 1016 (piae
819 968 938 1002 nnmerum

131 1014 283 1077 septenariam
298 1016 330 1064 ita
346 1017 468 1074 definiunt,
486 1016 567 1062 alicubi
584 1015 688 1063 exstent?

361 1080 409 1128 Hic
424 1078 523 1143 primum
536 1079 575 1127 sibi
583 1080 634 1141 jure
648 1080 747 1128 vindicat
761 1077 837 1125 lecum
849 1078 939 1127 Creatie

130 1144 167 1191 VI
183 1142 259 1190 diebus
275 1144 384 1202 absolata,
400 1155 425 1202 iit
442 1142 555 1207 Septimus
571 1143 597 1190 sit
614 1143 761 1196 Sabbatlmm,
779 1141 816 1188 ciii
832 1141 938 1189 instituti-

131 1222 198 1253 onem
221 1218 243 1253 et
270 1206 486 1256 consummationem
513 1207 597 1255 Novae
624 1203 785 1266 OEcpnemiae
805 1205 939 1267 respondete

128 1269 230 1317 statuitur
250 1269 375 1319 secundam
398 1270 538 1334 allegoricam
566 1271 689 1318 Creationis
716 1269 938 1331 contemplationem.

129 1336 187 1381 Cam
203 1346 278 1381 antem
294 1336 338 1382 Seii
352 1334 440 1382 dietam
455 1332 559 1393 distinela
575 1334 618 1382 sint
638 1350 719 1397 opera,
740 1332 834 1380 totiilem
849 1348 940 1396 qaoque

128 1398 183 1444 Fata
203 1396 292 1444 necesse
312 1398 344 1445 est
359 1398 434 1445 locam
455 1399 550 1445 habeant
565 1398 588 1445 in
604 1398 703 1445 Ecclefia
719 1397 753 1444 N.
773 1397 802 1443 T.
820 1395 867 1443 Hic
884 1412 938 1459 eigo

129 1459 211 1523 aliquid
226 1461 307 1507 habere
322 1461 438 1519 videmur,
455 1461 513 1524 quod
530 1462 661 1510 Numerum
677 1458 832 1523 Septenaiitim
851 1460 877 1506 ad
889 1461 938 1507 Vll

128 1524 182 1570 Fata
192 1522 312 1587 restringit.
346 1526 449 1587 Recepta
460 1523 492 1571 est
507 1524 561 1573 haec
577 1525 727 1588 Hypofflefis,
743 1539 799 1587 quac
810 1538 822 1569 a
832 1523 938 1570 Dotata-

126 1586 169 1634 mis
184 1586 247 1635 Vitis
262 1588 286 1634 iii
297 1587 365 1645 'omni
380 1589 429 1635 lace
444 1589 552 1635 collocata
568 1589 614 1645 cst3
636 1604 737 1652 quaeqae
753 1599 774 1634 et
790 1586 853 1634 nobis
874 1599 938 1635 antea

124 1650 221 1713 placuit3
248 1651 285 1699 sed
304 1650 328 1698 in
349 1667 391 1714 qna
412 1650 536 1699 accuratior
551 1652 667 1701 meditatio
683 1649 840 1715 insuperabiles
855 1651 938 1713 reperit

126 1713 272 1763 difficultates.
307 1714 447 1762 Intellee‘lttm
459 1715 581 1763 Creationis
591 1716 725 1777 mysticam,
737 1728 785 1761 tam
796 1716 934 1775 generalem,

126 1774 164 1835 qui
180 1791 234 1835 opus
252 1776 342 1821 Gratiae
353 1777 375 1819 in
386 1776 478 1833 fingulis
488 1777 614 1820 hominibus
626 1776 808 1837 comprehendit,
826 1787 874 1822 ttim
884 1775 933 1837 spe-

124 1834 215 1895 cialem,
232 1836 270 1898 qai
281 1835 307 1881 ad
318 1834 442 1881 Ecclesiam
459 1834 483 1882 in
499 1833 572 1897 specie
589 1837 621 1884 N.
641 1838 671 1885 T.
689 1836 792 1900 respicit,
809 1851 855 1883 nen
866 1852 940 1901 nega-⁴

124 1897 210 1956 veiim,
237 1914 290 1946 cnm
310 1896 371 1944 illum
391 1912 419 1944 eit
433 1898 504 1961 Stylo
526 1899 548 1946 S.
567 1900 628 1947 Set
649 1913 752 1948 accaiata
772 1900 934 1952 convenientia

124 1961 196 2008 Dosti
211 1962 269 2009 claie
290 1959 468 2009 demonstrarint.
503 1961 592 2011 Verum
607 1979 671 2011 mim-
682 1965 731 2013 Vll
752 1962 850 2010 Dictum
866 1981 934 2028 opera

125 2024 221 2072 totidem
237 2023 350 2072 distiiislas
365 2025 478 2072 Ecclesiae
488 2024 594 2073 Pei-iodos
605 2027 627 2074 se
637 2038 717 2077 mutuo
729 2025 881 2088 excipientes,
898 2030 936 2077 seit

74 2135 75 2138 ,
125 2087 220 2135 totidem
237 2088 302 2146 Fata,
319 2103 375 2149 quae
390 2088 496 2136 Periodos
512 2089 665 2151 constituunt,
683 2091 848 2156 repraesentent
854 2129 861 2151 ,
879 2093 935 2141 mibi

125 2151 191 2201 valde
207 2151 298 2201 dubiam
309 2151 353 2199 est:
652 2182 654 2185 -

352 2227 378 2272 aa,
397 2214 464 2282 Quod
484 2217 606 2265 Cieationis
622 2218 680 2266 coeli
696 2231 718 2265 ct
734 2231 804 2266 tettae
826 2220 934 2269 emblema

121 2278 151 2347 ad
168 2279 221 2326 tales
241 2295 275 2327 ies
294 2277 402 2341 mysticas
423 2278 446 2325 in
469 2281 491 2328 S.
515 2282 537 2329 S.
555 2282 675 2338 referatur,
697 2281 720 2329 in
737 2281 816 2347 quibas
831 2282 936 2332 elislimla

120 2341 259 2391 alladieium
276 2342 386 2390 successio
402 2343 476 2391 loc'tim
492 2359 536 2391 non
554 2345 625 2393 babet.
653 2345 730 2392 ‘Unde
747 2345 818 2394 otitut
829 2346 933 2407 dubium,

124 2414 179 2468 itum
200 2404 223 2451 iii
240 2406 353 2454 Ecclesiae
369 2407 402 2454 N.
420 2406 450 2452 T.
467 2408 635 2455 constitistione
651 2409 677 2455 ad
695 2409 836 2457 Creationem
853 2412 930 2468 relata,

123 2461 147 2510 id
163 2467 247 2513 attendi
264 2470 359 2518 debeat?
376 2466 562 2531 Regma-'ationis
577 2483 600 2519 et
616 2470 807 2524 Saiislificationis
823 2489 878 2534 opas
892 2488 932 2533 psi·

499 2536 518 2581 E
535 2549 547 2596 3
790 2534 932 2586 creationem
