2173 2960
187 141 238 195 180v
266 190 279 207 -,
397 133 495 183 ilsttlrodt'
509 132 649 194 Proplrtticae
658 132 720 179 -Purs
736 133 772 181 H.

183 249 293 312 impetum
306 243 376 309 tutas,
392 266 436 312 quo
448 251 512 296 lurica
523 246 594 295 ferrea
604 247 703 310 pertinet
718 248 774 298 vers.
792 264 813 309 9.
832 257 876 296 turn
899 247 992 297 famosae

184 329 225 375 per
246 315 325 362 orbem
346 326 369 362 et
390 313 521 370 celebratas,
543 329 587 376 quo
597 312 664 375 soom
681 315 763 361 alonna
787 313 869 371 tendit,
897 312 943 368 ibid
970 318 992 361 6.

185 379 265 425 Status
281 376 305 426 In
322 395 349 426 eo
366 377 398 424 est
414 376 478 435 snus,
494 381 553 440 quod
570 376 679 438 potestas,
696 377 748 441 ipsis
764 375 863 440 propria,
882 392 928 433 non
939 393 993 424 uror·

186 445 230 499 tir,
252 441 290 488 seu
306 457 391 505 poenae
411 439 510 502 capitulis
526 440 673 488 intlili'iionern
690 441 878 503 comprehendat,
891 439 929 487 sed
941 455 993 502 qua·

184 505 319 568 lerncunqu:
331 508 392 553 eliam
404 504 523 552 laesionem
540 504 661 551 cloiorofimr
681 519 702 550 et
713 504 834 552 rnileriarn:
852 503 907 553 vers.
921 519 942 561 5.
960 502 993 550 in-

189 570 260 627 dicio,
277 572 331 617 tales
353 569 389 616 lric
410 568 502 631 depingi
519 570 611 615 Satanae
626 567 751 627 ministros,
769 569 805 632 qui
816 572 887 615 urortr'r
898 573 995 630 poenam

187 632 303 695 indigere,
321 633 381 680 astra
397 632 522 694 personaret
538 646 632 677 munere
648 631 756 689 alienum,
774 632 886 680 cruciandi
901 646 956 679 uero
972 641 995 676 et

189 695 308 759 torquendi
320 695 452 757 potestatem
468 693 507 741 sibi
522 707 663 756 competere,
681 695 813 744 enitinnurt.
855 711 867 758 7
889 697 996 757 Septirrrus

187 759 231 817 est,
249 758 366 817 nomines,
388 758 415 804 al>
435 756 486 819 ipsis
507 758 582 804 aculeo
604 757 642 803 suo
658 757 726 815 reos,
748 759 770 805 in
792 775 843 807 eum
864 758 996 821 redigendos
1025 782 1026 785 =

187 822 232 869 ess'e
246 821 339 880 starum,
356 832 381 881 ut
397 830 495 867 mortem
511 820 631 867 naturalem
647 822 707 867 uitae
722 820 764 868 sint
778 823 912 884 praelaturi,
934 837 994 867 eum-

185 900 242 948 que,
253 885 269 932 si
280 884 384 947 possent,
397 883 436 930 srbi
446 885 534 931 mallent
545 882 693 941 consciscere,
708 887 801 944 pertita,
814 885 872 946 quod
884 882 995 931 miserabi-

187 951 233 997 lem
248 948 312 996 suum
328 947 410 995 statum
421 946 462 994 vix
478 962 531 1009 prae
546 946 700 1009 desperatione
715 946 774 993 serre
789 948 851 1010 posse
863 947 994 1006 uideantur,

185 1015 280 1075 partita,
292 1024 317 1058 ut
332 1012 403 1059 multo
414 1009 570 1058 terribiliorem
585 1024 696 1071 mortem,
711 1011 751 1059 srbi
766 1011 926 1070 inminentem,
939 1010 997 1058 effu-

187 1076 267 1140 giant,
288 1091 333 1138 quo
353 1073 411 1125 vers.
435 1078 486 1122 otas
508 1074 622 1122 collineari:
640 1074 738 1138 quinon
755 1074 875 1123 necessario
891 1074 995 1138 requirit,

186 1153 225 1199 ut,
241 1138 280 1202 qui
295 1139 353 1186 mori
369 1139 500 1200 cupiebant,
516 1148 602 1185 rrmrrera
618 1153 663 1185 non
679 1138 721 1185 sint
737 1138 830 1201 passuri,
846 1139 883 1186 sed
897 1151 995 1186 mortem

186 1204 309 1252 naturalem
325 1204 361 1251 vel
377 1202 441 1249 uliam
451 1200 543 1248 similem
554 1217 613 1259 non,
625 1201 657 1248 uti
668 1203 785 1265 optabant,
802 1202 895 1250 firbituri
905 1203 954 1251 stur.
973 1207 994 1253 8.

187 1267 288 1315 Osiuvus
304 1266 411 1329 denique,
429 1276 517 1327 tempus
531 1264 666 1328 graffirtarae
682 1280 758 1312 earum
774 1265 895 1324 definiens,
912 1265 993 1325 tradit3

187 1347 223 1378 eas
239 1345 284 1377 non
301 1329 376 1388 omni,
393 1328 430 1375 sed
447 1330 556 1389 opportuno
573 1340 659 1375 tantum
675 1341 791 1391 tempore,
808 1344 850 1376 nec
865 1342 994 1392 perpetrm,

187 1393 226 1442 sed
242 1394 340 1456 rlqlrriro,
358 1390 491 1455 nequidem
507 1393 616 1451 dirrtruuo,
632 1390 782 1440 infestationes
794 1404 815 1439 et
831 1393 935 1441 laesiones
950 1393 996 1440 illas

186 1456 338 1522 producimus.
379 1455 432 1521 Quo
452 1455 560 1518 pertinet,
581 1456 641 1518 qnod
660 1471 735 1503 earnm
755 1456 850 1518 potestus
866 1457 892 1504 ad
908 1460 995 1519 qur'uque
1037 1501 1038 1506 ,

186 1521 274 1569 meuses
288 1519 432 1583 restringatur
449 1518 505 1565 vers.
524 1534 561 1565 10.
577 1518 662 1581 quippe
676 1519 736 1580 quod
753 1531 885 1580 opperirentur
896 1520 927 1567 est
938 1534 994 1567 rem·

186 1601 242 1649 pue,
258 1584 327 1630 relate
342 1582 368 1629 ad
383 1580 490 1640 locustas,
511 1597 567 1643 quae
582 1596 651 1629 uerna
666 1593 688 1627 et
703 1580 785 1629 aestiua
801 1595 885 1629 tantum
907 1583 996 1646 grassirri

184 1650 257 1697 solent
272 1646 418 1708 tempestate,
430 1657 545 1707 praeterea
560 1643 680 1692 definitum
697 1656 719 1691 et
737 1646 817 1704 breue,
834 1648 901 1693 relate
916 1647 943 1693 ad
958 1658 993 1693 to·

184 1725 231 1761 tam
248 1708 368 1773 periodum
384 1711 492 1770 periurant,
509 1706 549 1754 sub
564 1724 606 1769 qua
623 1707 739 1769 uigerent,
762 1708 777 1756 fi
794 1707 846 1755 cum
861 1726 915 1756 error
931 1725 993 1756 com·

184 1789 262 1841 parare
276 1772 355 1831 liceat,
367 1771 436 1834 ‘cujus
452 1785 482 1817 ne
502 1772 613 1818 drrrrirliurrr
633 1783 719 1834 partem
740 1771 831 1835 quidem
847 1774 992 1835 complerent.

184 1836 293 1896 Accedit,
304 1849 424 1883 numerum
440 1832 557 1881 denarium
569 1833 612 1882 esse
627 1834 767 1897 perfeeium,
785 1848 807 1882 et
818 1848 887 1883 totam
904 1837 997 1884 unirer-¹

183 1905 271 1953 satatem
287 1900 409 1958 denotare,
425 1897 526 1960 adeoque
541 1897 568 1944 ad
588 1909 659 1945 totam
679 1898 796 1960 periodum
822 1899 898 1946 referri
918 1900 993 1963 posse,

183 1962 247 2027 cujus
268 1962 383 2012 dimidiam
405 1967 492 2025 partein
509 1960 564 2008 facit
580 1964 688 2023 prunarias
706 1978 818 2011 numerus.
853 1962 908 2011 Vid.
933 1964 992 2013 Gen.

184 2030 272 2079 XXXI:
289 2042 328 2084 rr.
351 2027 402 2088 Job.
419 2025 482 2073 XIX:
501 2040 522 2085 g.·
539 2026 624 2075 Matth.
641 2026 712 2073 XXV
728 2039 750 2072 et
766 2026 825 2074 alibi.

217 2092 239 2156 ᾗ,
257 2090 325 2151 CLX.
410 2088 465 2133 >Hos
481 2087 668 2151 ciruracieresqni
683 2090 710 2136 ad
725 2088 824 2138 animum
840 2087 994 2152 revocaverit,

184 2155 316 2217 lucrifiat-qne
328 2150 366 2198 has
377 2148 540 2196 emblematicas
556 2150 593 2218 stab
609 2153 702 2210 periodo
720 2156 807 2212 priora,
824 2155 850 2202 ad
867 2172 932 2217 quam
950 2156 994 2201 hoc

184 2220 281 2286 pertinet
292 2217 438 2270 tubicinanti,
456 2211 602 2274 quaestuum,
616 2212 636 2258 ei
652 2213 711 2258 forte
722 2215 801 2274 sponte
817 2215 884 2263 suain
896 2228 996 2262 mentem

185 2284 261 2334 ueniet
270 2280 365 2345 serietas
381 2277 452 2339 alique
467 2275 586 2322 hominum
603 2276 651 2322 Sec.
666 2276 724 2322 XVI
736 2287 796 2333 orta,
813 2289 835 2323 et
850 2280 877 2325 ab
893 2294 921 2323 eo
938 2290 993 2325 tent-

182 2363 240 2413 pore
255 2360 295 2408 per
311 2344 388 2391 orbem
405 2340 454 2387 sere
470 2350 545 2387 totum
558 2350 636 2400 uagata
646 2354 672 2386 ac
683 2337 809 2396 dominata,
826 2339 852 2386 ad
869 2342 912 2387 lroc
927 2341 995 2405 usque

183 2410 286 2474 tempus,
302 2423 347 2471 quo
357 2405 440 2456 abolita
451 2400 490 2452 est.
511 2419 532 2452 1.
541 2401 659 2466 Originem
668 2401 911 2467 suam-supersticionis,
928 2409 995 2452 aurul-

186 2501 188 2506 >
928 2472 993 2517 tiorrt'r
