2173 2960
349 201 384 251 De
402 201 523 252 charoneia
538 195 674 264 Antirlttstl.
866 215 914 265 195

103 364 142 427 qui
161 363 258 428 pastores
280 369 303 406 et
322 357 425 405 dotlores
445 357 521 406 audire
541 355 662 414 debebant,
683 352 782 418 primum
797 355 907 416 Domini,

103 427 155 475 dein
175 426 270 491 Tyranni
286 432 358 469 erunt.
393 422 471 468 Mores
487 421 640 467 membrorum
660 417 772 466 Ecclesiae
793 434 837 481 quo
857 420 906 469 sunt

103 494 201 554 puriores
217 502 239 537 et
254 484 384 541 srinsliores‚
402 499 429 530 eo
445 483 521 545 purior
538 484 579 528 erit
594 481 702 542 Ecclesia,
725 496 780 545 quae
795 497 835 544 per
850 483 907 532 vitia

101 568 123 602 et
138 553 230 602 crimina
245 549 315 612 magis
331 546 435 594 minusve
450 546 591 607 deturpatur,
619 542 679 607 lique
703 561 729 592 ea
749 544 833 592 fuerint
858 562 906 608 gra-

102 618 179 675 viora,
195 612 293 676 pluribus
314 608 455 668 communia,
476 609 572 656 maxime
593 606 609 654 si
629 606 721 670 impune
741 620 857 672 patrentur
871 610 908 657 rel

101 677 219 742 principiis
239 674 364 737 religionis,
382 672 502 736 exemplis,
524 672 600 720 aliisve
621 671 697 720 mediis
717 674 907 733 corroborentur,

100 741 198 789 Ecclesia
213 739 254 786 erit
269 749 385 802 corrupta,
402 749 506 785 narrationi
522 738 595 786 verius
611 736 713 796 inanior,
735 752 808 801 quain
824 735 907 787 Christi

101 819 141 855 cor
158 820 190 852 us.

134 819 156 931 §p
171 867 212 915 HI.
327 863 495 923 Controversia,
512 878 580 927 quam
600 862 628 911 de
642 862 770 927 Antirlrrr'sti
786 865 906 913 cliuintlere

100 946 196 989 moveo,
218 944 265 977 nori
280 928 325 987 ell,
347 946 402 977 rium
418 928 505 977 cunttis
525 927 585 975 liisee
599 926 696 990 partibus
710 927 840 993 Antirlrr'sti
856 929 903 976 Ec-

99 994 162 1043 clesia
177 1009 223 1041 non
238 992 265 1040 sit
273 993 350 1057 falsa,
367 993 404 1041 sed
420 1008 475 1040 nuni
490 991 538 1038 illae
554 990 618 1038 simul
632 990 727 1049 sirmiae,
750 1008 776 1040 an
797 1009 839 1040 nun
854 1005 903 1040 tan-

99 1071 147 1107 tum
163 1072 225 1121 pars,
241 1069 265 1104 et
281 1072 347 1119 qliae,
365 1056 425 1104 illam
440 1056 484 1102 lioc
494 1053 587 1101 nomine
598 1053 686 1116 dignam
701 1054 794 1103 reddat?
810 1057 844 1104 Sit
859 1057 902 1103 Ec-

102 1121 168 1187 clesia
182 1119 298 1167 doetrinae
317 1119 404 1166 ratione
425 1120 556 1175 Haeretira,
572 1118 642 1165 cultus
653 1116 806 1182 sriperstitiosn
822 1118 903 1167 etido·

99 1183 211 1241 lolatriea,
223 1184 333 1244 reglrialnis
350 1182 478 1244 tyrannica,
495 1196 574 1229 inurunt
589 1179 691 1243 impura,
707 1182 758 1244 quid
769 1182 849 1245 quaeso
864 1182 904 1230 ho-

98 1264 148 1296 rum
164 1261 212 1294 earn
227 1245 420 1310 Aritirliristianara
435 1244 506 1294 facit?
522 1244 582 1303 siue,
599 1244 658 1308 quod
673 1245 754 1293 eodem
764 1247 832 1306 redit,
846 1244 902 1310 quid

38 1315 39 1318 ’
96 1311 150 1360 illud
165 1309 210 1368 est,
226 1310 288 1373 quod
301 1307 434 1358 Antichristi
448 1321 525 1357 notam
539 1310 630 1372 proprie
644 1309 725 1368 inurit,
746 1310 806 1372 quod
827 1311 903 1358 distin·

97 1389 166 1438 guens
177 1373 224 1434 ejus
235 1371 367 1422 criterium?
381 1372 454 1436 quod,
471 1384 496 1420 ut
510 1372 538 1420 ab
548 1388 577 1420 eo
591 1370 685 1435 separari
700 1373 789 1437 nequit,
805 1374 838 1422 lic
850 1389 907 1424 euin

100 1434 127 1485 eo
143 1439 232 1485 curarerti
246 1436 334 1499 potest3
349 1451 409 1498 quo,
425 1435 478 1484 lieet
493 1435 576 1499 reliqua
591 1434 672 1493 adsint,
690 1449 785 1499 negato,
802 1436 850 1502 ipse
865 1452 913 1485 nes

98 1513 161 1563 gutur
169 1517 178 1559 ;4
187 1500 271 1561 polito,
284 1500 323 1549 etsi
339 1500 476 1562 reliquorum
486 1498 541 1547 nihil
551 1499 616 1558 adfrt,
632 1499 680 1564 ipse
693 1500 794 1563 ponitur.
829 1501 905 1568 Quae·

99 1581 139 1622 ro,
155 1577 211 1627 quae
226 1564 272 1626 ejus
288 1563 314 1610 sit
329 1562 442 1624 defiiiltio?
458 1562 516 1611 sitne
531 1566 662 1623 litteratiori,
675 1565 712 1611 vel
727 1566 853 1626 idololatra,
865 1578 903 1615 aut

104 1629 228 1691 Tyiniinnr,
239 1625 286 1674 five
301 1627 440 1674 Sceleintnr?
455 1641 483 1674 an
499 1625 523 1673 hi
538 1642 615 1676 omnes
630 1627 709 1677 timul?
730 1627 762 1680 ita
778 1641 803 1678 ut
822 1631 846 1680 in
867 1631 901 1679 liis

98 1688 200 1739 omnibus
215 1691 261 1753 ejus
276 1689 388 1738 charatler
403 1689 430 1737 sit
442 1689 501 1739 litus.

131 1753 151 1816 §.
167 1753 212 1801 IV.
322 1753 451 1817 Quaesitum
466 1752 523 1800 sitne
539 1754 654 1816 vulgatum
670 1770 713 1805 nec
729 1771 768 1815 ne,
782 1757 899 1818 judicent‚'

97 1815 175 1879 quiin
191 1814 265 1861 nostra
279 1816 376 1879 hospites
390 1831 436 1862 non
452 1815 502 1861 sunt
517 1814 620 1864 seientia:
644 1834 694 1867 mea
710 1834 763 1866 num
779 1820 805 1867 fit
820 1821 896 1882 perso-

97 1895 144 1937 na,
170 1889 193 1924 et
213 1877 285 1924 uestra
305 1878 428 1925 attentione
447 1876 582 1940 indignum,
607 1895 647 1928 vos
668 1882 778 1943 compello
796 1883 901 1945 judices,

97 1944 127 1990 ll.
140 1942 172 1989 H.
207 1940 274 2006 Quod
289 1940 305 1987 si
320 1958 346 1989 ea
360 1940 503 2000 dexteritate,
520 1956 589 2005 eaque
603 1958 654 1990 euin
670 1944 751 2005 gratia,
763 1944 787 1991 in
802 1962 830 1993 eo
846 1964 899 1996 vei·-

96 2005 138 2053 sari
152 2003 245 2062 liceret,
262 2019 340 2065 quam,
355 2019 408 2051 cuin
428 2005 536 2064 materia,
563 2016 610 2054 tum
631 2006 711 2055 dotlae
730 2007 817 2057 vestrae
838 2027 905 2064 aures

97 2066 225 2132 postulant3
250 2068 301 2129 quin
333 2067 451 2115 secundum
478 2084 516 2129 me
535 2068 581 2118 sitis,
604 2070 775 2132 pronuntiaturi
800 2076 904 2127 conlido„

100 2130 168 2199 Quod
183 2130 222 2178 etsi
242 2145 254 2177 a
275 2130 349 2193 rigidis
370 2130 425 2179 milri
446 2133 576 2194 promittere
595 2148 642 2180 non
662 2134 732 2181 ausim
746 2135 868 2198 judicibus3
890 2158 905 2190 a

98 2194 170 2244 uestra
186 2205 259 2240 tamen
275 2194 296 2241 id
312 2196 383 2243 audeo
398 2197 506 2257 aequitate
520 2207 544 2242 et
559 2196 720 2245 benevolentia
756 2199 824 2265 Quod
839 2207 901 2252 enini

99 2256 204 2306 orationis
214 2257 303 2312 flumini
314 2257 396 2315 deerit,
413 2258 517 2317 lanterio,
530 2259 620 2323 ejusque
630 2260 762 2320 praestantia
773 2275 794 2309 et
804 2263 900 2326 utilitas,

98 2322 156 2384 apud
172 2336 253 2384 aequos
273 2336 347 2371 rerum
363 2319 454 2369 arbitros
476 2321 592 2385 supplebit.
627 2323 717 2370 Utilitas
739 2340 806 2382 vero,
833 2343 903 2392 quam

98 2384 176 2431 notitia
192 2384 323 2433 Aritielirilli
338 2400 390 2433 curn
405 2384 428 2433 in
444 2384 535 2434 historia
549 2384 691 2449 prophetica,
712 2398 760 2434 tum
777 2388 903 2456 Tlieologi-

100 2460 124 2488 eu
145 2446 249 2503 seientia,
270 2461 318 2496 tuin
334 2447 440 2510 religione
459 2448 575 2512 dirigenda
596 2465 621 2496 ac
645 2449 760 2509 Ecclesia,
787 2455 901 2516 praestat,

96 2506 190 2568 praestat
210 2520 288 2560 utitem,
306 2511 427 2562 transituum
432 2547 439 2571 ,
461 2526 486 2566 ea
508 2512 627 2575 praecipue
647 2514 673 2563 ab
693 2514 825 2571 Antichristi
852 2521 901 2566 titii.

503 2576 567 2623 Bba
819 2592 900 2633 tartara
