2173 2960
421 202 521 252 Periodru
537 198 584 250 ΠΙ.
853 214 900 264 135

92 320 177 369 ditione
192 321 296 378 habetur,
312 317 451 367 referendum
467 335 555 384 quoque
571 318 597 367 ad
614 320 688 367 oleum
704 319 899 376 etuinum31ieet

93 385 189 447 pretium
205 401 251 432 non
267 381 392 430 definiatur.
427 385 500 447 Stylus
511 387 534 431 S.
547 385 569 431 S.
582 382 639 443 fert,
655 383 769 439 membra,
782 383 808 429 ad
823 382 844 429 se
860 399 895 445 re-=

92 449 182 497 ferenda
199 461 221 495 et
236 446 312 494 secum
323 445 494 508 conjungenda,
510 447 575 507 saepe
586 446 708 510 elegantiae
717 444 781 494 eausa
791 445 893 508 disjungi.

92 513 153 577 Ergo
168 512 234 576 piena
249 508 303 556 effet
319 508 402 555 oratio:
420 512 527 567 triticum,
543 510 650 568 hordeum,
668 512 734 558 oleum
744 520 765 556 er
780 510 851 558 vianna
861 525 896 555 ne-

59 611 62 614 ·
91 594 123 624 aaa
144 574 242 639 laeserit,
258 588 315 620 neura
334 584 372 633 pro
393 572 455 620 libitu
466 572 542 636 stamar
551 572 634 635 finique
645 576 736 623 uindicet
742 591 750 632 ,·
761 572 841 636 sadud
851 588 895 619 rar·-

90 652 135 687 tarn
150 637 267 701 rrreasuraaa
280 647 318 696 pra
330 634 389 699 justo
404 638 472 699 aliquo
485 639 552 698 pratia
561 637 637 701 sanant
657 655 728 697 aare5
745 639 860 686 thamarem
875 652 893 685 e.

90 720 125 765 gr.
142 704 210 749 tritici
222 713 259 762 pro
270 701 366 759 deiratio,
382 711 425 748 tres
441 701 511 749 Irorrlea'
529 714 567 763 pro
588 703 673 749 deiratio
690 700 735 757 &a
748 716 750 719 ·
763 701 800 748 Sic
816 701 837 748 in
852 701 895 747 oleo

91 781 114 813 er
134 768 180 814 aino
200 778 301 828 quoque,
317 779 412 828 quorum
427 764 530 813 mensura
545 777 569 812 et
588 765 686 829 pretium
707 765 820 815 breuitatis
840 779 896 828 ergo

91 845 138 878 non
154 827 246 877 additur.

124 891 144 958 ᾗ.
162 894 224 951 CVI.
323 893 451 951 Emblerna‚
467 892 497 940 fic
512 892 663 953 intelletum,
679 895 722 942 hue
737 893 806 953 redit,

166 966 167 969 ’
319 957 348 1006 A.
361 958 449 1004 Statum
464 957 542 1019 populi
552 957 653 1019 respeetu
669 974 768 1007 annonae
778 958 827 1005 fore
837 957 892 1005 cala·

90 1020 199 1070 mitosum
210 1033 232 1068 et
242 1019 364 1070 afflieium:
382 1020 445 1084 niger
460 1019 523 1067 enim
537 1021 598 1068 color
609 1021 729 1086 expingere
744 1022 798 1070 solet
807 1020 893 1069 tristem

89 1098 112 1134 et
128 1083 275 1133 calamitosam
291 1083 456 1132 conditionem:
473 1098 526 1132 cnm
545 1097 618 1132 autem
633 1101 687 1133 mox
702 1087 730 1134 de
744 1101 832 1133 annona
842 1100 892 1146 aga·

88 1162 137 1208 tur,
153 1150 200 1211 ejus
215 1147 333 1211 praecipue
348 1146 449 1211 respeetu
464 1147 508 1195 hoe
524 1146 557 1196 est
571 1148 750 1212 intelligendtmr,
770 1148 823 1196 licet
838 1149 894 1195 ulte·
912 1150 914 1154 '
937 1191 944 1197 .

87 1214 132 1262 rius
147 1223 212 1276 queat
226 1211 324 1261 extendi.
631 1239 633 1241 -
758 1263 759 1266 Ἴ

301 1319 302 1322 ,
320 1277 345 1324 Β.
368 1274 467 1323 Tristem
485 1290 537 1323 eum
554 1276 640 1324 Statum
657 1277 728 1340 quoad
744 1290 855 1325 annonam
870 1274 895 1323 in

88 1358 117 1390 eo
132 1341 181 1389 fore
197 1339 275 1400 snum,
291 1340 352 1402 quod
368 1339 471 1387 alimenta
486 1355 531 1387 non
548 1339 618 1387 effent
632 1340 755 1404 promiscui
770 1341 833 1397 usur,
853 1337 892 1386 sed

88 1421 166 1453 eorum
176 1404 261 1467 aliquod
272 1405 393 1465 erigeretur
404 1405 577 1466 Monopolium,
592 1404 615 1452 in
626 1406 688 1468 eujus
699 1404 808 1468 potestate
818 1405 894 1453 forent

86 1468 162 1517 omnia
175 1468 209 1515 ilia
224 1467 284 1516 vitae
298 1466 402 1526 subsrdia,
423 1466 461 1513 seu
476 1468 503 1514 ad
523 1468 582 1515 vitae
596 1467 791 1528 sustentationem,
811 1469 849 1517 seu
865 1468 893 1515 ad

87 1533 134 1594 ejus
149 1530 281 1579 hilaritatem
298 1543 319 1578 et
334 1530 473 1593 splendorem
479 1547 486 1590 3
504 1531 563 1595 quod
578 1548 618 1594 per
634 1536 730 1582 triticam
746 1531 793 1588 &a
809 1531 892 1596 fignifi-

88 1597 146 1655 eari,
161 1595 225 1643 facile
240 1595 371 1659 intelligitur.
913 1645 916 1651 ,

318 1657 497 1723 C„,Erigendrrnr
518 1656 561 1706 ess'e
581 1659 669 1723 aliquod
690 1661 813 1722 Tribunal,
833 1674 858 1709 ut
879 1676 893 1709 e

86 1724 169 1771 bilance
182 1724 204 1771 in
220 1737 287 1770 manu
302 1720 382 1784 equitis
395 1734 469 1784 patet5
484 1737 554 1783 penes
569 1725 628 1784 quod
643 1722 697 1771 ess'et
710 1727 834 1773 mensuram
851 1725 888 1772 de·
962 1773 964 1775 ,

87 1785 165 1845 finire,
181 1799 205 1832 et
217 1784 316 1847 pretitnn
331 1784 438 1842 statuere,
454 1794 477 1829 et
492 1798 581 1839 curare,
597 1799 626 1830 ne
641 1789 745 1846 perdatur
759 1804 853 1837 annona.

311 1846 342 1894 D.
363 1845 510 1894 Occasionem
533 1845 658 1895 Tribunalis
677 1850 764 1912 publice
789 1851 889 1915 erigendi

85 1912 234 1976 praebiturum
250 1909 306 1969 effe,
322 1909 382 1972 quod
397 1925 474 1957 manus
484 1909 623 1973 undiquaque
637 1911 772 1962 inferrentur
782 1914 806 1964 in
817 1933 888 1965 anno-

86 1991 151 2034 nam,
166 1988 299 2038 unoquoque
314 1972 353 2022 fibi
368 1972 469 2022 sumente
485 1988 534 2021 earn
549 1974 647 2037 rapiendi
662 1978 807 2039 potestatem,
823 1982 889 2029 adeo-

86 2053 130 2102 que
144 2050 229 2086 metum
245 2036 301 2096 ess'e,
317 2051 346 2084 ne
361 2036 434 2084 omnis
454 2038 535 2099 periret
549 2053 648 2098 annona,
670 2052 693 2086 et
708 2041 756 2089 dira
770 2043 841 2092 fames
856 2045 890 2093 in·

87 2115 184 2164 grueret.
218 2100 286 2166 Quod
305 2111 354 2148 tum
370 2115 398 2148 ex
416 2100 465 2164 ipso
486 2102 639 2162 Emblemate,
662 2113 711 2152 turn
727 2119 740 2152 e
760 2108 845 2169 verbis,
867 2115 892 2161 ue'

88 2165 188 2230 laeseris,
204 2166 283 2214 elucet.

313 2229 341 2278 E.
357 2227 449 2287 Media,
467 2244 523 2291 quae
538 2229 564 2278 ad
579 2245 688 2279 annonam
704 2233 890 2301 conservandam,

87 2294 176 2357 ejusque
195 2293 259 2342 nsum
275 2292 456 2358 eoncedendum,
474 2293 643 2352 adhiberentur,
661 2294 711 2343 fore
730 2299 905 2363 tolerabiliora;-

85 2365 135 2423 tum
155 2358 214 2420 quod
234 2356 323 2406 denario
344 2357 477 2406 venderetur
497 2358 593 2406 ehoeuiir
613 2358 693 2418 tritici,
715 2360 729 2410 i.
748 2377 767 2411 e.
784 2378 893 2427 quantum.

86 2417 151 2483 aireui
166 2435 208 2480 pro
223 2438 269 2469 uno
285 2421 322 2470 die
336 2420 429 2478 sufficit3
446 2419 497 2484 quia
513 2422 608 2470 choenix
618 2421 683 2469 unius
697 2424 739 2472 diei
750 2427 829 2477 iaboris
838 2446 889 2492 pre·

86 2489 119 2524 no
135 2493 223 2541 quoque
238 2485 321 2546 acquiri
335 2483 422 2548 potest,
437 2496 463 2532 ut
479 2500 492 2531 a
507 2485 586 2535 Dortis
607 2485 638 2534 est
658 2487 814 2551 observatum
839 2504 887 2541 turn

484 2548 507 2596 R
521 2562 537 2607 4
827 2556 888 2617 quod
