2173 2960
184 191 231 236 204
429 227 431 231 ¹
464 169 535 221 Sermo
546 169 699 232 Academicus.

185 328 349 388 Antichristus,
360 327 383 376 in
398 326 453 374 baec
463 326 531 376 verbu
545 327 647 390 loquitur.
681 328 799 391 inquiristis
809 327 930 393 mysterium
937 335 988 395 jam

184 399 274 457 ,agilum
292 390 389 459 superest
410 401 548 449 territamur
570 394 604 453 quii
627 407 681 439 irum
698 404 767 452 iuuet,
785 393 796 440 d
812 395 877 440 suedia
893 396 988 444 tollatur.

186 460 224 510 Sir,
236 459 286 517 illc,
303 461 337 520 rpu'
354 471 406 504 uum
420 465 493 517 ⁴restet,
509 467 533 502 us
554 455 679 503 communis
695 455 739 504 sert
754 456 879 505 nostrorum
899 457 989 521 opinio,

186 525 297 586 diripui-iiiiii
310 520 441 584 Caesareum.
476 518 500 567 Si
511 517 564 565 alius
574 518 600 566 sic
611 518 771 581 Antichristus,
780 536 820 580 ac,
837 520 923 584 qualem
935 521 989 569 defi-

187 587 250 646 nivi,
266 598 368 650 tpiuuuus
382 581 563 648 ,Eiriessuflicum
580 583 596 630 si
613 583 639 631 sit
654 585 795 644 Hier-euius,
816 586 926 632 iilulolutru
937 584 991 639 &a

187 666 246 716 ¹quae
267 648 348 712 quaeso
368 658 427 694 sitris
449 647 496 708 ejus
517 646 629 693 connexio
650 646 692 693 erit
713 664 765 696 cum
784 648 868 696 abolito
888 650 991 711 surpatio?

178 713 270 779 square,
287 713 331 758 lioc
341 710 411 757 stante
427 721 450 755 et
464 709 559 757 summas
573 708 597 755 iii
614 708 739 757 Occidente
756 724 859 771 tenente,
880 727 994 776 emergere

190 793 237 827 noir
251 773 344 837 potuit?
360 784 415 835 quot
431 787 477 819 non
493 772 582 820 suerum
598 770 701 818 haeretici
717 772 763 823 dcc.
779 774 837 822 iuter
852 775 994 839 Episcopos‘?

189 851 271 904 quianca
290 852 336 884 non
355 835 379 882 in
400 834 511 883 Ecclesras
530 834 608 883 inuasit
627 833 753 896 superstitio
774 849 796 884 et
822 839 936 901 corruptio
956 838 996 886 sub

190 902 307 953 Caesarum
322 899 435 962 imperio?
452 897 556 955 Concede
571 896 594 945 iri
609 912 685 946 meum
701 899 843 962 opinionem,
853 912 876 947 er
893 901 994 950 validissi-

190 983 251 1016 mam
266 963 309 1013 esse
325 966 428 1011 rusiorum
443 977 498 1021 mois
515 959 641 1024 perspicies.
676 960 723 1027 Qui
738 962 818 1027 quaeso
829 962 893 1027 Papis
909 963 997 1014 aduni-

125 1087 127 1090 ,
191 1029 299 1081 versalem
315 1026 453 1075 doiriiiratunr
468 1024 626 1088 adspirantibus
642 1024 729 1073 obicem
744 1027 880 1090 posuerunt?
897 1025 999 1076 Caesares

193 1092 298 1149 orientis,
311 1090 433 1155 occideritis
445 1089 493 1151 jam
504 1089 575 1137 deleto
586 1087 688 1151 imperio.
723 1090 758 1138 Eri
774 1105 818 1154 quo
834 1091 920 1155 magnis
934 1092 962 1140 ad
972 1091 999 1139 il·
1068 1141 1072 1156 χ

192 1158 230 1208 lud
245 1154 356 1219 fastigium
371 1154 464 1216 passibus
479 1152 560 1215 gradiri
583 1152 722 1214 coeperunt?
744 1169 821 1202 nonne
840 1155 929 1218 quaudo
940 1154 1000 1220 ⁴ipsis

193 1225 360 1284 Imperatorum
375 1214 479 1264 Euarchis
494 1215 564 1263 fasces
574 1213 685 1262 desierunt
700 1216 846 1265 submittere?
863 1218 919 1286 Quis
927 1230 1001 1272 tantus

194 1286 220 1346 in
235 1282 325 1331 historia
340 1279 419 1344 hospes
435 1278 479 1337 est,
496 1278 589 1326 utillud
604 1277 711 1340 ignoret?
724 1279 795 1344 Quid
815 1296 870 1344 ergo
884 1281 938 1330 illud
952 1281 1001 1341 est,-

195 1347 316 1414 quod'quo
330 1344 403 1405 irriiius
417 1354 520 1405 erumpat
530 1340 663 1390 obstiterunt
673 1342 792 1392 Caesares?
807 1344 873 1408 quid,
887 1345 948 1410 quod
958 1345 1001 1394 im-

196 1410 255 1476 perii
270 1406 528 1470 ruiuissuperstrusium
544 1404 592 1476 eli?
609 1406 664 1453 nihil
679 1417 767 1470 praeter
781 1409 891 1471 Pupia-uui
906 1411 1001 1458 diuidua·

197 1482 267 1530 rum-
285 1474 323 1521 llle
338 1471 411 1534 itaque
425 1468 558 1521 Antichristr
572 1469 721 1518 charasterem
735 1471 832 1520 absoluat
851 1474 943 1522 necesse⁴
961 1473 1001 1523 est.

197 1534 319 1591 Advertite
330 1536 438 1597 denique,
454 1532 548 1597 quaeso,
564 1532 592 1579 ad
606 1531 713 1596 inpstaiii,
735 1545 758 1580 et
777 1534 867 1598 quidem
881 1539 1005 1600 diripuimus

197 1602 295 1668 phrasin.
330 1598 459 1662 Mastusium
473 1612 526 1646 cum
541 1596 583 1645 tale
598 1596 651 1658 quid
665 1596 773 1645 denotare
787 1597 866 1658 soleat,
882 1600 942 1662 quod
956 1614 1004 1649 nori

199 1666 241 1717 nisi
261 1680 290 1713 eii
304 1663 441 1712 vrevelatione
456 1658 570 1725 praesciri,
587 1674 628 1706 nec
644 1658 698 1718 uisi,
713 1675 767 1707 cum
787 1661 923 1725 adposuerit,
943 1663 1005 1711 redte

156 1780 161 1788 χ
197 1727 291 1792 intelligi
311 1739 349 1773 uui
365 1725 431 1775 credi.
446 1725 524 1788 possit,
546 1724 588 1771 tale
603 1722 656 1785 quid
672 1723 712 1770 viii
727 1723 791 1776 aliud:
801 1725 838 1773 hic
854 1726 898 1773 else
908 1729 1005 1791 poterit,

198 1810 225 1843 ac
251 1789 379 1841 dominium
406 1787 512 1837 saslosum
539 1799 564 1839 ee,
584 1787 734 1848 tyrannicum.
775 1789 831 1835 Tale
858 1789 910 1852 quid
935 1789 1006 1838 solum

199 1857 245 1914 est,
261 1853 320 1919 quod
336 1870 349 1901 a
363 1851 453 1900 nemine
468 1849 570 1914 praesciri
584 1849 650 1912 possit
665 1849 689 1897 iri
704 1864 776 1912 reguo
798 1850 878 1901 Christi
893 1853 947 1901 oriri
964 1870 1006 1918 po·

197 1919 277 1977 tuille,
294 1932 335 1966 nec
347 1914 501 1979 antequamiii
517 1914 593 1962 oculos
607 1913 737 1972 incurrerit,
760 1915 822 1978 capi,
838 1928 876 1963 aut
889 1933 930 1981 pro
951 1931 1007 1966 vero

200 1983 283 2033 haberi.
317 1981 375 2028 Nou
392 1978 454 2036 eiiiiri
469 1978 494 2026 iri
505 1977 616 2037 haereses,
633 1977 822 2041 superstitionem,
838 1992 1008 2044 autcorruptos.

202 2062 289 2103 risores,
307 2044 410 2106 quadrat:
437 2058 490 2093 cum
511 2043 554 2089 tale
574 2042 626 2104 quid
647 2040 699 2089 oriri
714 2041 776 2104 polle
795 2042 817 2091 iit
833 2043 943 2103 Ecclesia,
964 2060 1007 2107 pro

202 2108 301 2174 austerio
321 2106 397 2151 haberi
416 2106 498 2165 nequit.
543 2107 649 2153 Ceterum
675 2104 774 2153 conciuit
794 2121 878 2155 nomen
899 2108 1007 2172 inpleris,

198 2172 274 2223 fronti
290 2167 413 2216 meretricis
427 2166 556 2225 inscriptum
571 2169 616 2226 Ap.
633 2168 712 2214 XVII.
851 2215 852 2218 ,
919 2163 925 2172 ’
1062 2204 1067 2210 .

202 2254 204 2257 ·
238 2235 258 2300 §.
275 2232 370 2282 XVII.»
435 2228 473 2275 Ad
494 2227 546 2273 illud
568 2227 717 2283 obhaerescis,
739 2231 800 2291 quod
820 2232 943 2293 siitffteriuiu
963 2232 1010 2292 J'am
1072 2270 1073 2273 ,

204 2296 309 2363 slpoiioli
323 2306 426 2356 tempore
442 2293 480 2353 agi
496 2290 612 2353 coeperit?
628 2288 665 2335 sed
680 2289 724 2336 hoc
740 2291 792 2352 quid
808 2286 889 2355 quaeso
905 2292 961 2340 aliud
976 2293 1008 2340 di-

206 2365 252 2421 cit,
268 2358 370 2421 acquod
386 2357 451 2419 supra
467 2354 595 2417 Johmiuem
610 2351 736 2400 audiuimus
751 2355 911 2414 affirmantem,
939 2357 1011 2417 phuae

201 2432 253 2493 jum
270 2421 392 2483 tuirrfuiffa
408 2416 552 2481 Airrirluislor
568 2416 591 2465 id
607 2415 651 2474 est,
672 2415 724 2464 fidei
740 2415 854 2477 dominos,
871 2418 1011 2474 couscientia·

204 2507 261 2543 euru.
271 2485 399 2546 carnifices,
416 2482 550 2548 opinionum
566 2479 676 2531 violentos
696 2491 718 2528 et
739 2479 833 2534 furiosos
850 2496 1008 2549 'propugnato

871 2566 873 2571 ·
963 2561 1011 2609 res,
