2173 2960
213 206 260 253 226
428 199 499 245 Sermo
515 196 657 246 Academicus
673 196 789 258 Serrmdm,

217 372 255 414 m,
272 371 353 419 neptia,
369 352 499 418 obsequiosa,
509 356 591 413 pietate
602 354 700 416 bonisque
715 352 798 417 reform
804 351 928 416 filatim,
946 370 986 403 ore
997 367 1020 404 et

216 435 286 483 opere
312 420 435 484 spirarent,
462 430 485 464 et
515 417 647 467 infernalem
674 417 785 465 faetorem
815 432 861 465 non
886 418 1019 469 redolerent.

215 484 324 548 Denique
344 484 381 530 illis
401 481 459 528 inter
482 482 546 548 regni
568 482 649 530 Clnilli
669 481 794 530 defensores
813 492 836 527 et
862 495 1021 545 propagatores

215 549 291 596 locum
311 548 421 604 debimtn,
441 545 479 613 qni
500 545 633 605 modestiae,
647 545 746 610 jnltitiae
766 558 788 593 et
809 545 915 604 caritatis,
931 546 1018 605 officia,
1042 573 1047 582 «

217 611 264 661 stne
278 611 357 675 quibus
372 625 417 657 non
435 609 531 657 Cbristas
547 608 585 655 sed
601 612 689 657 Satanas
705 622 794 674 regnat,
811 625 838 657 ex
853 610 969 658 lronrinnm
985 610 1018 657 so-

217 674 299 722 cietate
319 673 445 731 eliminant,
467 685 490 719 et
509 671 645 735 superbiam,
666 673 728 731 odia,
750 673 864 722 saevitiam
885 675 968 738 aliaque
983 674 1021 722 de-

217 736 317 786 testanda
338 736 394 784 vitia
408 735 431 782 in
453 736 534 782 throno
555 735 679 782 collocant?
696 737 746 783 Vos
761 739 847 800 iraque,
868 738 906 800 qui
925 755 972 786 non
988 754 1021 784 ra-

218 799 327 857 tionibus,
338 798 375 846 sed
387 798 446 844 ferro
457 799 576 847 decernere
586 797 670 856 soletis,
681 810 730 845 tam·
737 798 825 847 insanos
835 800 917 861 putatis
927 800 971 848 ess'e
981 802 1021 848 ho-

216 862 301 920 mines,
321 874 346 909 ut
362 876 403 923 pro
419 860 518 910 veritatis
532 862 630 924 patronis
644 863 671 909 ab
685 860 713 909 iis
723 861 834 910 habendos
851 879 890 909 vos
906 863 950 911 elle
966 863 1021 911 arbi-

214 925 322 973 tremini?
340 926 495 974 Monnrnenta
505 924 620 984 historica,
636 940 692 989 qnae
707 925 827 988 prudentes
838 925 880 974 viri
891 942 931 988 per
948 929 1021 977 omnia

215 1003 319 1053 tempora
330 988 493 1047 condiderunt,
504 989 624 1048 consulite,
640 1000 662 1037 et
671 988 834 1048 monstrorum,
846 989 953 1051 pestium,
964 991 1022 1041 lera-

214 1068 278 1112 ram,
294 1052 441 1116 fimiliunrque
452 1051 529 1116 elogiis
545 1069 586 1101 vos
600 1054 686 1112 ornari,
703 1068 731 1100 an
740 1053 857 1101 infamari?
868 1054 953 1113 dicam,
968 1070 1021 1105 enm

215 1117 315 1182 pudore,
332 1116 373 1165 nist
388 1131 480 1165 omnem
496 1115 644 1176 decoxeritis‚
660 1115 741 1179 legite,
757 1132 800 1164 nec
809 1118 917 1167 memoria
928 1117 1020 1182 dignos,

215 1181 255 1230 nifi
271 1195 338 1244 qnam
354 1194 395 1244 per
410 1179 489 1229 scelera
501 1179 630 1240 meruistis,
647 1179 729 1227 censeri
745 1180 861 1229 advertite.

247 1243 268 1309 ς.
286 1244 353 1294 XIV.
445 1245 561 1292 Praeterea
577 1242 593 1291 fi
607 1243 675 1292 hosce
689 1242 801 1305 religionis
821 1243 961 1305 sacerdotes,
982 1245 1021 1310 qui

215 1309 358 1368 innocentes,
381 1307 432 1356 fidei
452 1306 503 1356 suae
523 1308 598 1366 eausa,
619 1307 646 1355 ad
666 1322 760 1355 naecern
780 1307 950 1371 persequendo,
975 1323 1022 1358 non
1052 1337 1054 1340 ·

215 1369 338 1431 trucidant,
359 1370 396 1420 sed
415 1371 546 1429 immolant,
567 1370 717 1435 rogaveritis,
737 1371 797 1419 unde
817 1371 859 1434 ipn
879 1370 902 1417 id
920 1372 977 1434 juris
996 1371 1022 1420 in
1040 1396 1042 1400 ⁴

215 1435 362 1499 proximum?
382 1435 435 1499 quid
454 1434 637 1498 respondebunt,
657 1434 718 1499 quod
739 1450 785 1493 non
805 1450 857 1483 aura
876 1433 949 1483 levius
972 1434 1022 1483 est?

216 1499 320 1548 dieentne
335 1515 347 1546 a
362 1500 415 1547 Deo
430 1509 453 1547 et
467 1497 570 1547 Domino
586 1498 678 1545 nostro?
698 1498 736 1545 ubi
750 1499 808 1547 clara
822 1497 965 1547 testimonia?
985 1498 1025 1547 ubi

215 1563 314 1621 litterae,
331 1563 448 1626 majam,
465 1561 625 1610 credentiales?
640 1559 680 1609 nbi
694 1559 755 1624 ligna
770 1574 792 1607 et
807 1561 890 1624 sigilla?
910 1562 980 1626 quid?
996 1563 1024 1610 ab

216 1642 275 1675 eone
296 1624 379 1690 aliqnid
396 1627 450 1689 juris
471 1626 594 1683 habebunt,
615 1625 675 1689 quod
695 1639 738 1672 nec
753 1623 801 1687 ipse
816 1627 926 1685 exercuit,
942 1627 1024 1674 necab

217 1690 261 1737 ullo
277 1689 377 1737 exerceri
393 1690 482 1741 voluit?
498 1704 525 1737 arr
540 1687 641 1752 itaquee
657 1688 883 1751 munereapaslmali?
899 1704 972 1751 aquo
986 1704 1022 1736 ae·

215 1767 259 1817 que
274 1752 369 1800 alienum
386 1753 432 1812 est,
448 1769 474 1806 ac
489 1769 502 1799 a
518 1753 577 1800 bono
593 1750 680 1814 pallore
695 1751 813 1813 deglubere
828 1768 909 1816 peeos3
925 1754 1024 1800 fureret

214 1814 263 1879 lapi
282 1815 344 1875 sunt,
366 1814 405 1879 qui
425 1831 518 1879 gregem
538 1815 647 1867 denotant
671 1826 695 1862 et
715 1813 830 1877 diffipant,
851 1831 897 1864 non
916 1815 1029 1878 posterea

216 1879 325 1929 Officium
345 1878 465 1942 pastorale,
486 1878 547 1944 quod
567 1892 641 1927 eorum
662 1877 694 1926 est
709 1877 861 1938 ministeriale,
883 1877 958 1928 secum
977 1895 1024 1928 non

216 1945 284 2007 babet
302 1945 415 1992 delitiarum
435 1943 593 2006 conjunblum:
614 1942 712 2007 pastores
727 1942 789 2003 lunt,
811 1960 851 1991 mm
872 1946 907 2006 qni
920 1947 1023 2006 gregibus

218 2010 334 2068 imperent,
350 2006 387 2056 sed
403 2011 437 2069 qni
452 2010 545 2070 eerrnpln
555 2007 622 2072 sitiit,
638 2005 694 2055 teste
709 2009 790 2067 Petro,
812 2008 876 2071 eujus
890 2006 987 2056 vicarios
1002 2006 1026 2055 se

216 2069 315 2134 jadram,
335 2068 467 2131 quibaoertm
488 2071 544 2121 mibi
564 2072 602 2120 nic
616 2087 651 2120 res
667 2070 706 2120 est.
741 2072 779 2119 An
795 2069 870 2136 itaque
884 2072 911 2118 ab
931 2071 983 2134 ipsis
994 2072 1025 2135 fi·

216 2134 313 2190 delibor,
334 2129 373 2194 qui
394 2133 516 2178 Eccleliam
536 2134 686 2193 constituunt,
707 2145 731 2182 et
753 2150 782 2183 err
797 2134 829 2183 sai
850 2134 925 2182 medlo
941 2135 1026 2199 aliquos

217 2197 314 2258 eligunt,
337 2205 362 2241 nt
381 2193 477 2241 doceant
498 2203 521 2238 et
535 2193 632 2239 diremti?
652 2198 691 2254 qui
710 2212 775 2241 verus
794 2196 955 2256 estpastorum
969 2212 1024 2243 con-

217 2254 312 2322 spestns.
352 2255 396 2304 Sed
422 2256 484 2303 estne
504 2256 618 2319 qaisquam
640 2254 703 2301 sanae
722 2254 803 2302 mentis
823 2257 905 2315 lronro,
927 2258 965 2320 qui
985 2255 1025 2304 fibi

218 2323 294 2371 lumen
315 2319 409 2379 adimat,
431 2332 456 2367 at
477 2334 545 2368 mana
565 2319 657 2367 <lucatur
673 2318 699 2364 ab
715 2318 774 2364 alio?
794 2317 845 2380 qni,
867 2334 918 2366 cnm
938 2318 985 2382 ipse
999 2319 1025 2367 srt

207 2385 274 2446 ,fidei
295 2396 317 2431 et
338 2384 396 2432 vitae
415 2384 466 2432 snae
483 2383 591 2431 rationem
613 2381 738 2429 reddituras
756 2380 859 2444 supremo
877 2381 961 2445 judici,
982 2383 1025 2431 illa-

218 2465 269 2500 rum
286 2463 360 2496 rerum
377 2448 491 2496 arbitrium
509 2448 555 2497 aliis
569 2445 723 2495 commiserit?
745 2457 769 2493 ut
784 2443 811 2492 ad
828 2446 917 2494 aliorum
939 2447 1026 2511 opiniou

217 2529 259 2567 nes
274 2511 349 2561 adium
365 2511 425 2561 vitae
440 2512 524 2563 neela.
552 2511 623 2581 Quis,
639 2509 677 2559 cai
692 2511 756 2560 Deus
771 2508 869 2559 animum
890 2508 965 2570 dedit,
982 2527 1027 2622 qpp

169 2591 170 2594 ’
975 2590 1020 2625 nra
