2173 2960
418 183 551 238 -Perz'odus
571 179 616 233 IV.
688 199 690 201 ·
761 228 768 237 ,
879 183 928 249 '16ss

117 307 267 374 corruptionis
283 308 344 370 ejus,
359 304 479 368 praecipue
494 303 635 372 Redtorurn,
650 313 707 372 quae
727 299 773 372 illas
787 302 923 357 calamitates

115 387 216 434 pareret;
233 370 331 434 denique
346 369 467 432 Signatum
482 367 661 416 antecedentium
681 379 705 411 1n
725 379 814 426 prorum
835 367 925 422 deceffu

118 449 141 484 er
155 450 241 485 morem
259 452 282 482 v.
307 438 328 484 8.
351 434 417 477 etiarn
432 430 548 477 exhibetur
569 426 709 476 Recolletiio
729 427 809 492 Populi
828 440 874 477 tam
894 446 924 480 ex

116 501 223 563 Babylon,
241 496 321 555 exilio,
343 509 409 556 quam
426 493 572 555 Disperfione
592 489 750 553 Epiphamca,
777 503 800 539 et
824 492 923 558 Prosely-

70 591 72 596 ·
116 575 192 611 torum
200 559 297 609 ac'ceffus
307 558 335 606 ad
345 554 478 620 Ecclesiam:
495 570 548 602 curn
558 569 613 604 vero
623 553 656 602 illa
666 554 806 607 Recollectio
816 554 925 619 supponat

114 625 297 688 Dispersronem,
312 638 336 670 a.
348 637 371 681 9.
383 619 515 670 exhibentur
525 618 587 666 ferae
596 621 646 680 agri
657 630 680 664 et
694 617 756 668 ferae
761 618 852 683 sylvae,
868 634 924 683 quae

113 688 225 751 Populum
236 685 418 750 depascerentur,
435 699 494 748 quae
509 683 575 733 Feror
591 680 759 745 repraesentant
768 683 889 732 Chaldaeos
903 694 926 731 et

54 794 58 797 .
117 750 345 814 Syro-Macedonem
367 747 487 796 Chaldaeos
506 747 568 795 serae
588 749 651 808 agri,
672 746 741 808 Syros
756 745 817 795 serae
831 748 924 811 Spirae,

116 830 162 878 quo
177 812 245 872 facit,
263 813 323 877 quod
339 813 406 877 Sylva
422 812 458 861 vel
468 812 541 860 Saltus
556 810 583 858 fit
601 811 666 873 Syria
676 809 718 873 Jes.
730 810 760 859 X:
779 825 817 873 34.
828 810 927 863 ubivid.v
996 828 998 836 ’

117 879 150 928 Cl.
163 877 284 940 Vitringa,
296 878 325 925 ob
335 888 438 924 montem
447 875 533 924 Libani.
567 874 628 936 Ager
647 889 702 922 vcro
721 873 754 922 est
771 875 868 923 Tradtus
882 877 924 926 Ba·

115 941 246 1005 hymnicus,
262 942 323 989 locus
334 939 412 989 fertilis
422 950 445 987 et
454 941 545 1002 planus:
574 939 689 986 Praeterea
702 953 754 988 curn
769 939 850 987 horum
861 940 924 995 Hos·

115 1005 173 1054 tium
183 1004 279 1064 invasr0,
291 1021 304 1053 a
314 1006 366 1053 Deo
375 1002 424 1067 ipso
435 1002 495 1066 quast
505 1000 602 1049 excitata
612 1001 639 1050 ad
650 1001 759 1064 Populum
769 1002 923 1065 puniendum,
1000 1064 1002 1066 Ι

113 1069 279 1133 praesupponat
294 1068 463 1130 corruptionem
474 1064 566 1127 Populi,
582 1064 618 1115 illa
633 1080 687 1114 mort
702 1064 725 1112 in
742 1079 825 1127 genere
837 1066 925 1130 subjici·

113 1145 162 1191 tur,
179 1131 299 1195 praecipue
314 1129 417 1193 respectu
430 1131 564 1188 Procerum,
581 1128 620 1192 qui
634 1126 715 1191 Populi
729 1142 805 1176 curam
821 1131 926 1193 neglexe-

112 1207 177 1255 runt,
193 1206 217 1242 et
232 1194 310 1243 harum
325 1191 494 1242 infestationum
509 1191 649 1241 occasionem
667 1192 827 1255 praebuerunt.
861 1194 928 1263 Quae

115 1260 191 1309 omnia
204 1257 278 1306 facilia
294 1258 351 1307 sunt.
407 1276 409 1280 ·

148 1323 169 1387 p⁴
186 1323 281 1371 CXLII.
345 1328 370 1374 2.
386 1322 439 1370 Hac
454 1320 552 1384 generali
566 1318 722 1383 Proposrtione
737 1319 809 1382 faeta,
830 1332 856 1368 ut
876 1336 926 1383 pas·

107 1388 155 1435 afim
165 1386 236 1434 solent
245 1384 370 1448 Prophetae
379 1386 507 1450 generalem
520 1385 565 1433 hoc
580 1384 649 1432 modo
664 1383 810 1447 praemittere
825 1384 929 1448 Propofi·>

113 1451 220 1507 tionem;
240 1449 353 1518 Propheta
372 1449 451 1498 ordine
471 1447 575 1511 procedit
592 1446 617 1497 in
642 1446 702 1496 Fatis
725 1448 806 1513 Populi
827 1447 929 1505 distincte
997 1461 999 1464 ’

115 1510 315 1577 praenunciandrs5
331 1512 430 1576 adeoque
756 1558 757 1562 ,

342 1591 362 1622 a.
378 1575 457 1638 Populi
472 1586 525 1626 ante
534 1575 632 1625 Exilium
641 1576 750 1639 Babylon.
762 1577 929 1644 corruptionem

118 1637 308 1753 {ipsisIcolorihus
328 1638 449 1705 depingit,
474 1652 498 1689 et
518 1639 631 1690 excidium
651 1641 699 1705 ejus
723 1639 844 1708 describit,
872 1642 927 1707 Cap.

139 1716 144 1729 ²
166 1707 196 1752 I:
215 1718 302 1765 3·--13.

344 1766 365 1813 b.
380 1766 461 1827 Populi
470 1766 654 1825 convertionem,
670 1767 849 1828 recolledipnem
863 1779 886 1817 et
900 1765 926 1816 irr

117 1830 213 1877 Ter-ram
229 1827 335 1876 Canaanis
349 1827 518 1887 reduttionem,
533 1827 693 1891 repraesentat,
715 1829 795 1882 additis
807 1830 928 1887 luculentis

116 1892 244 1941 feliciorutn
260 1891 403 1953 Temporum
419 1891 541 1955 promiffis,
562 1891 631 1940 modo
646 1892 744 1955 Populus
764 1893 860 1957 praestet
875 1895 925 1948 offi-

118 1956 178 2009 cium
192 1952 335 2018 requisrtmn,
351 1970 374 2002 v.
389 1970 417 2016 13
434 1953 457 2002 in
473 1955 601 2004 finem—21.

150 2055 152 2061 ,
320 2058 323 2064 t
344 2032 364 2074 c.
381 2017 456 2086 Quam
465 2019 523 2067 male
537 2018 633 2083 Populus
644 2017 720 2074 offici0
730 2017 771 2072 suo
781 2017 928 2083 fungeretur,

120 2082 145 2131 in
162 2083 287 2131 Canaanem
302 2080 385 2142 redux,
406 2082 506 2146 adeoque
526 2082 565 2147 spe
585 2081 700 2146 perfectae
721 2081 886 2144 instaurationis
905 2084 929 2134 se

119 2145 201 2196 frttstra
218 2145 324 2206 lastaret,
339 2144 387 2193 suse
402 2145 495 2193 traditur
510 2148 565 2210 Cap.
581 2147 671 2195 LVIII.

349 2208 371 2257 d.
388 2209 501 2272 Populum
526 2209 632 2260 reducem
654 2209 681 2264 ad
701 2209 814 2265 sumnrmn
830 2208 931 2276 Coppup'.

122 2273 200 2334 tionis,
217 2286 240 2323 et
253 2272 307 2321 inde
322 2283 385 2321 ortae
399 2271 502 2321 omnium
518 2274 606 2322 Rerum
621 2272 808 2337 perturbationis,
818 2276 929 2338 gradum,

121 2354 235 2387 novorum
250 2336 349 2386 hostium
364 2335 477 2394 invasione
492 2337 629 2397 accedente,
644 2336 793 2394 delabendum
810 2338 867 2401 elle,
884 2341 932 2405 plu·

121 2401 181 2449 ribus
197 2400 289 2452 traditur
299 2402 360 2465 Cap.
377 2399 439 2448 LIX:
457 2415 543 2461 1-·-15.
560 2401 610 2449 hinc

354 2479 374 2513 e.
391 2461 433 2513 ,Ad
448 2463 602 2575 miracpposam
622 2463 788 2522 liberationem
802 2468 931 2579 praeriper-

520 2558 530 2576 Α
559 2541 572 2575 a
884 2546 934 2594 am,
