2173 2960
146 182 181 235 Da
193 185 264 234 Meta,
276 177 367 250 lesssl·
381 177 404 223 de
416 174 515 224 Anticlia.
527 172 590 220 trust.
603 170 714 231 repertun
726 166 854 233 Anttcntst.
872 178 919 227 22?

111 339 164 391 nihil
174 338 207 389 est
217 342 239 387 in
255 331 347 386 homine
362 329 517 394 praestantius,
529 326 560 376 ste
575 325 597 374 se
612 322 658 394 ipse
674 323 762 386 abjiciet
782 336 804 371 et
819 325 916 388 proster-

109 418 148 453 net
176 417 201 454 ut
212 401 266 451 nihil
276 399 334 447 inter
349 395 371 442 se
385 411 410 442 ae
425 391 592 457 quadrupedem
607 390 713 451 altquam,
729 402 786 451 qnae
801 389 917 438 dustorem

109 442 220 533 seminar,
236 458 342 513 interesse
363 457 434 505 velit?
462 458 551 506 Veritas
572 452 631 521 forte
650 451 761 510 salutarie,
782 465 847 514 quam
868 467 915 500 tar-

107 546 174 596 qnam
191 531 298 576 talentum
314 520 399 570 sudario
414 519 521 567 inclusum
537 526 629 574 tenetis,
642 527 664 562 et
678 515 735 564 solos
753 531 794 563 vus
809 515 917 578 possidere

108 590 258 658 praesumitis,
281 586 331 635 ltuic
350 583 396 648 juri
411 582 525 630 fundendo
540 577 638 628 sufficit?
655 579 708 629 Huc
725 578 742 627 fi
757 594 850 637 verum,
866 578 919 649 quid

108 672 162 717 ergo
180 653 281 702 Gentiles
296 647 449 713 persecutores
465 646 541 693 eadem
556 640 695 714 persuasrene
705 643 816 701 imbutos,
832 643 876 690 aest
886 658 919 689 tn-

107 718 167 780 J'uste
183 712 429 778 egiss'ent‚'rlu1nnatis?
445 710 498 774 quid
515 709 662 766 Haerentes,
683 719 710 755 nt
730 722 770 754 eos
790 706 920 769 adpellatis,

110 780 187 844 quibus
209 778 269 827 idem
283 777 332 842 jus,
348 788 371 825 et
388 776 468 823 eodem
483 770 659 837 superstruclum
674 770 835 829 sundatnent0‚
852 786 921 819 vexa·

110 844 156 895 ris?
172 842 209 892 sed
225 858 292 906 quam
308 841 406 889 alienum
417 840 461 886 hec
471 837 521 886 sata
536 838 641 893 raritate,
657 846 680 882 et
693 833 794 899 genuine
810 835 858 898 ejus
869 834 919 882 fan-

110 920 173 966 ture,
194 906 233 970 qui
253 906 276 955 se
291 903 313 952 ei
333 904 468 952 advocatum
482 900 557 959 dedit,
575 913 604 947 ex
619 899 686 946 inodo
702 899 766 947 dislis
785 899 866 962 sponte
881 898 920 948 sua
977 899 984 933 -’

110 971 220 1019 elucescit.
255 969 347 1019 Veritas
372 968 449 1025 nulla,
470 963 513 1012 nin
537 961 676 1028 spiritualia,
700 962 827 1027 suppeditat
842 979 919 1022 arma;

109 1035 179 1094 nulla,
195 1032 236 1081 nist
252 1031 331 1097 quibua
346 1031 404 1093 apud
421 1027 567 1078 conscientias
588 1027 770 1085 commendatur,
797 1039 820 1074 et
835 1028 922 1076 animos

110 1097 150 1146 srbi
169 1095 278 1159 subjicere
299 1095 365 1141 valet.
400 1094 458 1140 Non
478 1104 544 1150 vera,
566 1089 604 1138 sed
622 1089 674 1137 salsa
692 1089 726 1137 est
750 1089 842 1153 religio,
862 1106 922 1155 quae

108 1159 204 1212 ferinam
223 1157 308 1206 rabiem
329 1155 399 1220 parit,
421 1167 443 1203 et
464 1153 552 1217 abjeslo
573 1153 666 1200 homine
681 1152 704 1201 in
719 1151 826 1216 sylvestre
841 1155 921 1203 ammas

108 1225 167 1272 abire
182 1222 251 1284 cogit.
287 1219 365 1286 Quid?
381 1233 465 1270 verane
479 1217 522 1266 erit
536 1216 632 1280 religio?
649 1216 687 1265 cui
701 1216 799 1266 humanu
815 1217 923 1283 sanguine

108 1286 217 1335 litandum
232 1284 271 1332 est.
305 1284 369 1345 Quae
379 1298 448 1348 porro
464 1282 519 1331 haee
529 1285 616 1345 pteris,
633 1291 657 1331 ut
666 1278 767 1331 sublimis
780 1285 863 1345 pu'e'tae
872 1283 924 1342 Irae
973 1306 980 1310 e

110 1353 145 1405 siti,
167 1347 240 1400 verbis
260 1357 321 1407 utar,
819 1374 820 1378 =

176 1413 238 1459 Onne
250 1423 312 1472 petru
327 1412 379 1459 liner
391 1414 478 1473 pietat,
494 1410 589 1457 delubra
598 1407 722 1472 arisriergere
737 1411 808 1468 traho?

174 1459 227 1523 Tlrn
241 1477 325 1535 primae
335 1473 441 1535 scelernm
458 1473 535 1537 irrisae
546 1475 671 1520 initialibus
683 1476 758 1538 aegris

176 1541 286 1587 nltimam
301 1539 381 1600 resiste
398 1538 481 1584 Druna:
495 1535 558 1600 jussu
573 1539 601 1584 itt
615 1540 701 1599 precati

183 1600 237 1649 Terre
252 1602 301 1663 pio,
318 1600 452 1664 caediumque
462 1600 629 1664 saturarentur
645 1604 708 1649 rirtrt.

113 1665 167 1715 vera
185 1665 260 1728 itaque
280 1664 322 1712 erit
342 1662 435 1727 religio,
463 1664 502 1729 qni
524 1663 621 1714 funestas
636 1676 660 1714 et
675 1679 758 1715 cruore
774 1664 927 1721 innocuorum

112 1728 210 1794 perfusas
225 1742 304 1776 manus
319 1727 346 1776 ad
362 1728 440 1776 Deum
455 1729 534 1775 tollere
547 1727 649 1792 patitur?

128 1828 130 1832 .
145 1792 165 1855 §.
182 1791 237 1840 XV.
336 1791 452 1838 Dicentne
461 1789 589 1853 postrem0,
606 1792 681 1841 aslum
697 1791 742 1840 effe
755 1791 784 1837 de
794 1790 888 1839 veritate
898 1802 923 1841 et

112 1855 230 1918 religione,
246 1855 324 1903 fream
339 1852 409 1903 cuivis
424 1852 517 1917 impune
528 1853 655 1904 exuninare
670 1866 693 1903 et
703 1868 835 1918 oppugnare
843 1855 922 1916 liceat,

114 1918 154 1967 nist
179 1916 277 1966 hostibus
302 1918 376 1981 lingua
402 1917 549 1968 exscinditur.
582 1919 692 1969 Miseram
712 1917 818 1982 profesio
839 1919 924 1969 verita·
963 1921 965 1924 ⁴

114 1995 173 2041 tem,
194 1997 250 2045 qnae
265 1992 320 2030 tunc
339 1981 410 2030 sulum
426 1981 449 2029 se
464 1982 523 2031 tueri
538 1981 625 2048 potest,
641 1983 708 2033 sr-w-
725 1981 820 2046 sirasirin,
835 1995 862 2031 ut
877 1983 925 2032 En·

114 2045 146 2094 nii
161 2043 248 2093 versum
260 2044 303 2093 hue
319 2044 463 2105 transferam,
475 2049 555 2095 Horret
571 2063 636 2110 ager,
653 2049 774 2109 caritatique
784 2050 864 2094 tartareis
871 2046 927 2110 salu

114 2111 199 2157 lindius
231 2111 322 2168 ardent,
354 2125 410 2171 quae
429 2109 556 2172 fraudibus,
576 2112 637 2161 vitiis
663 2122 686 2159 et
706 2110 839 2159 criminibus
855 2110 883 2160 se
902 2111 929 2164 in

115 2173 238 2221 clientelam
259 2172 378 2220 demittere
397 2172 485 2220 neeess'e
500 2176 580 2231 habet,
597 2190 655 2237 quae
675 2173 794 2222 hominum
809 2175 881 2235 rogis,
902 2186 928 2220 ut

116 2237 246 2295 illustretur,
263 2235 362 2296 indiget,
375 2247 398 2279 et
406 2235 500 2281 hnmani
510 2236 596 2296 generis
611 2237 689 2284 ruinae
704 2234 878 2294 superaedificari
888 2234 929 2282 de.

117 2303 161 2349 bet.
196 2300 277 2347 Itane‘.2
294 2297 338 2345 luci
353 2295 407 2362 quid
423 2311 476 2344 cum
492 2298 601 2354 tenebris,
618 2300 706 2346 Christo
717 2307 769 2342 curn
784 2294 853 2344 Belial
864 2313 929 2348 com·

116 2366 201 2411 meane?
218 2361 272 2426 quid
287 2361 378 2425 itaque?
394 2359 509 2424 utriusque
524 2375 618 2426 regnum
636 2356 716 2405 iisdem
734 2356 802 2406 armis
817 2375 930 2426 propaga.

114 2428 169 2471 tur?
190 2426 242 2486 qnid
254 2425 369 2472 castissima
380 2436 402 2472 et
418 2424 567 2486 pulcherrima
577 2423 643 2487 virgo
654 2420 734 2471 ueritas
746 2423 876 2481 meretricio
885 2429 929 2476 ‘ha-

55 2496 63 2504 ‘
118 2485 165 2533 bitu
180 2486 290 2534 vestitur?
308 2485 368 2555 Quid
384 2486 408 2535 in
423 2488 629 2603 veritate111f‚'qirae
644 2485 681 2537 sna
697 2486 748 2536 lnce
763 2487 847 2552 fulget,
864 2503 887 2538 er
906 2491 930 2539 in

509 2555 529 2606 F
559 2567 574 2612 a
857 2555 937 2615 aedua
