2173 2960
395 213 397 216 ·
433 192 533 242 Periodos
558 185 585 237 V.
875 193 923 252 169

347 310 449 357 alueo
465 308 614 360 conveniunt:
632 302 670 369 si)
692 302 797 353 Verbum
812 305 859 355 Dei
878 307 924 356 else

121 379 246 444 supremam
261 371 325 423 Fidei
340 385 362 419 ct
377 373 499 435 Religionis
515 367 641 420 Norinam:
659 366 700 432 (a)
715 366 789 416 Verbi
799 367 854 416 illius
864 370 923 419 seru·

121 444 199 492 tioium
223 455 246 489 et
256 435 377 499 Religionis
387 435 413 481 ad
425 450 473 481 eam
485 437 599 482 Nomium
608 430 718 479 institutae
728 430 859 479 exercitium
866 435 925 491 ,elsev

121 509 190 557 cuivis
205 482 312 553 ⁷Societaii
330 497 422 545 liberum
443 496 618 560 relinquendum.
654 495 674 558 s
691 494 701 559 )
723 493 848 564 Nemi-nem
863 497 922 544 Reli-

120 571 191 635 gionis
206 566 269 614 causa
286 562 328 611 elle
343 560 531 624 persequendum,
548 558 582 607 vel
593 556 824 606 morteafficiendum.
860 559 925 606 Haec

120 630 247 681 communia
266 623 374 686 Principia
396 624 549 673 Cliniacie‘iem
570 619 924 682 constituunt.Resortnatorum3

99 691 238 756 'aPapistis
253 689 410 751 separatorum.
691 725 692 728 ,

125 780 127 784 >
153 756 165 819 s
191 753 295 801 CXLIX„
342 753 362 800 b.
375 751 519 801 Perseverant
534 760 623 815 quoque
639 748 735 813 singulae
745 748 857 798 Ecclesiae
868 752 921 800 Pro-

118 817 248 867 testantium
262 816 287 864 in
301 812 370 864 libero
386 815 510 877 Religionis
526 813 646 872 exercitio,
661 814 739 876 absque
757 827 780 861 ut
788 813 813 861 se
822 814 929 863 invicem*

119 881 259 948 opprimant,
275 892 313 927 aut
327 881 350 927 iii
364 879 387 926 se
402 876 500 927 inuicem
516 880 545 926 ob
560 878 618 924 hane
634 892 682 926 iem
694 877 797 940 saeuiant.

126 971 127 974 =
311 983 312 986 ,
343 960 364 992 c.
375 942 400 990 Si
411 942 449 1007 qui
461 942 526 990 Casus
536 939 669 1003 contingant
684 941 729 999 alii,
746 940 832 989 illisunt
844 943 919 991 transr-

117 1009 170 1059 torii
189 1007 214 1056 et
231 1009 302 1056 niinus
322 1007 462 1070 frequentes,
478 1021 521 1052 nec
535 1004 680 1064 universales,
697 1004 733 1057 sed
744 1003 816 1051 in-his
828 1006 863 1060 vel
879 1005 921 1063 illis

107 1072 262 1120 'Societatibus
277 1072 340 1133 saepe
356 1067 498 1127 turbulentis,
520 1068 558 1131 qui
578 1082 632 1131 ergo
646 1067 671 1115 in
687 1069 777 1115 censum
793 1083 840 1116 riori
858 1070 920 1117 ueni-

116 1148 169 1193 unt,
184 1135 222 1183 ubi
238 1135 266 1182 de
280 1132 378 1197 generali
387 1131 475 1180 Periodi
487 1131 619 1182 Charaiiere
633 1130 711 1194 agitur.
735 1130 856 1190 Accedit,
867 1135 920 1181 Pro-

60 1243 66 1261 ,
114 1197 220 1246 testantes
235 1213 263 1245 eo
278 1197 302 1245 in
313 1197 364 1245 calu
373 1195 486 1259 principiis
502 1195 544 1244 suis
555 1210 600 1244 riori
616 1194 778 1244 convenienter
793 1193 922 1257 instituere,

115 1261 175 1325 quod
191 1261 267 1325 passim
281 1272 304 1308 et
318 1259 341 1308 in
358 1258 402 1308 aliis
419 1261 549 1322 contingere
565 1259 626 1309 solet.
916 1308 918 1311 .

119 1354 121 1359 ·
344 1324 365 1373 d.
377 1323 483 1387 Denique
493 1321 566 1371 notari
577 1323 657 1380 velim,
670 1320 751 1375 Casum
761 1322 849 1371 Periodi
862 1323 920 1372 Clia·

47 1439 49 1443 ,
116 1387 274 1436 radleiisticum
293 1387 391 1450 spesdaie
411 1387 438 1445 ad
457 1387 581 1437 universam
598 1385 733 1443 Ecclesiam,
749 1384 813 1434 simul
829 1402 869 1449 per
885 1400 930 1436 to·¹

116 1462 161 1499 tam
176 1451 294 1499 Periodum
311 1451 388 1498 durare
403 1451 496 1509 dehere,
519 1462 541 1497 ei
556 1449 739 1514 elleperomne
760 1460 851 1514 tempus
866 1467 921 1500 con·

116 1513 228 1576 spicuum:
246 1529 301 1577 quae
315 1514 392 1582 utique
402 1511 425 1560 in
435 1527 523 1561 mirtuas
538 1512 708 1563 Protestantium
719 1511 875 1575 dissensiones,
887 1516 920 1563 se-

115 1578 238 1640 parationes
248 1578 287 1625 uel
302 1577 451 1636 uexationes»
460 1593 505 1634 non
516 1578 670 1635 conveniuut5
687 1588 737 1629 trim-
752 1577 812 1640 quod
828 1577 871 1626 sint
885 1579 920 1627 so-

114 1641 187 1700 lorum
208 1640 398 1701 Procestantiuin,
416 1641 480 1704 saepe
500 1642 654 1689 nonnullarum
670 1651 757 1688 tantum
772 1641 920 1697 Ecclesiarum

114 1701 291 1765 palriiculari‘um5
313 1715 361 1751 tum
381 1704 440 1767 quod
461 1719 514 1752 curn
535 1704 577 1752 alio
597 1704 636 1753 illo
658 1704 714 1766 Casu
733 1704 919 1763 'Characieristi'co

78 1775 79 1778 ’
113 1766 235 1876 ἧοῃῑραῐαῑὶ
251 1778 378 1831 nequeant,
401 1776 445 1814 nec
466 1766 675 1826 etiainliluertatern
691 1766 863 1819 Protestantium
878 1768 916 1818 de-

133 1840 202 1876 ruant.
405 1851 408 1853 >
446 1858 447 1861 =
483 1855 486 1868 ·
745 1859 747 1864 a
870 1844 872 1848 ·

60 1911 61 1914 ¹
116 1912 117 1915 ¹
147 1891 167 1956 ᾗ.
184 1892 229 1941 CL.
283 1895 285 1899 ’
336 1893 449 1941 Νυηοᾶε
464 1893 595 1942 Charaslere
611 1894 683 1941 Status
704 1893 817 1942 Ecclesiae
828 1896 916 1945 ‘Mora-

113 1954 138 2001 lis
153 1953 195 2002 erit
210 1955 366 2006 differendum
400 1957 475 2021 Hujus
490 1958 591 2021 respeslu
600 1955 743 2016 censuerim,
766 1958 882 2007 Ecclesiae
894 1962 919 2010 in

114 2018 380 2081 genere'consideratae,
406 2037 473 2084 quam
493 2022 536 2069 late
558 2022 578 2069 se
598 2036 638 2084 per
660 2020 746 2068 Orbem
766 2020 919 2086 ,Christianum

115 2080 248 2142 diffundit,
264 2095 286 2130 et
305 2084 466 2148 qualescunque
486 2084 510 2133 iri
530 2084 623 2133 familias
644 2083 741 2141 diuisae,
763 2083 921 2137 Charadlerem

113 2144 170 2204 elle,
191 2156 239 2193 tuni
255 2147 407 2205 Securitatem,
422 2163 453 2196 eis
468 2164 525 2197 uana
539 2149 567 2197 de
583 2149 699 2195 Bonorum
715 2146 805 2196 saiorum
819 2148 920 2213 spiritua·

112 2207 169 2256 lium
184 2210 315 2259 abundantia
335 2211 442 2273 opinione
463 2224 553 2270 nutam3
574 2223 623 2258 tum
644 2210 750 2273 transsatu
769 2223 797 2259 et·
812 2213 920 2276 languens

113 2271 222 2333 Veritatis
236 2274 259 2321 et
274 2274 364 2323 Pietatis
379 2290 458 2323 uerum
478 2274 588 2336 studium,
605 2290 649 2338 quo
669 2274 712 2322 suis
732 2274 920 2339 confessionibus,

113 2344 137 2401 et
151 2337 268 2385 Sacrorum
284 2338 368 2398 forma,
385 2338 483 2401 singulae
499 2339 577 2388 Seciae
594 2349 724 2393 contentae,
746 2350 769 2385 et
784 2354 811 2387 ea
830 2355 855 2388 re
870 2343 920 2406 g-lo-

112 2406 205 2454 riantes,
221 2412 325 2462 tanquam
340 2402 425 2465 optima
440 2414 462 2449 ei
477 2402 575 2462 salutari,
592 2402 693 2466 exiguam
713 2400 918 2469 impenduntope·

113 2466 161 2502 ram
177 2459 274 2509 Veritati
290 2465 439 2526 indagandae,
455 2465 593 2516 illustrandae
609 2478 632 2516 et
650 2466 827 2533 propagandae,
847 2471 918 2540 multo

381 2563 383 2566 -
845 2546 917 2582 minus
