2173 2960
123 269 125 271 ’
136 257 182 306 >De
192 249 303 310 Pericula,
314 245 416 311 Ecclefir't
427 240 595 312 Praestandum
607 261 621 294 a
631 246 745 308 Papinio,
758 246 804 302 &a
840 250 890 308 239¹
962 248 968 260 .

82 405 299 462 ad'Macbinationes
311 415 333 449 et
344 401 460 450 molimina
476 400 581 451 continua
595 404 620 451 in
635 401 785 451 Protellantes
796 402 890 450 Germa-

76 474 146 533 niae,
162 472 332 530 vicinarumque
342 467 473 529 regionum,
485 466 641 525 adtendamus,
659 468 706 516 siue
715 466 743 513 ad
755 466 837 513 Galliac
845 465 888 512 sta·
931 479 934 483 ·

82 551 132 586 tum
148 553 160 583 a
175 532 287 582 Ludouici
302 531 368 577 Xlll.
391 528 527 589 temporibus
542 529 600 575 baud
616 546 694 590 qiartrm
715 541 838 588 mutatum,
850 544 889 583 ¹re-

83 600 209 657 fiec‘tamus:
227 612 278 643 cum
295 593 354 639 enim
365 592 552 649 relinmaterum,
567 591 597 637 ibi
613 592 757 655 degentium,
773 607 813 653 per
829 591 889 638 edic-

84 676 133 711 tum
153 656 298 707 Nannetenl'e
319 654 433 711 securitas,
450 667 473 701 et
489 652 654 702 Catbolico'rum
670 671 723 703 cum
738 655 790 702 sede
805 656 890 705 Roma,

85 741 114 773 na
129 724 176 769 lites
191 719 309 768 acerrimae
324 718 387 766 causa
403 717 489 765 concilii
506 717 654 778 Tridentini,
671 717 857 782 Jansenillarum,
870 729 893 765 et

75 785 220 848 ..Regaliurm
232 800 257 831 ac
267 783 320 846 juris
337 782 447 846 alqlorum
458 781 548 844 Legatis
558 784 706 844 competentis
717 784 818 840 Romae,
831 782 893 844 spem

87 850 179 912 alicujus
196 845 361 894 reformationis
375 845 396 892 in
415 847 459 891 boc
475 860 545 908 regno
566 846 719 905 praebuerint,
742 861 767 892 ea
789 845 893 908 deinceps

87 914 151 977 plane
167 910 287 969 decolauit,
304 922 392 957 etcum
408 921 470 955 metu
487 907 632 970 oppreffionis
648 910 846 968 Reformatorum,
858 909 892 956 ir-

88 977 116 1025 de
127 975 214 1024 initium
225 974 348 1030 habiturae,
360 984 443 1019 mutata
453 970 497 1029 est,
510 972 574 1034 Papis
585 971 613 1018 ibi
624 973 694 1035 rraagis
703 988 770 1035 quam
780 987 878 1035 unquam
885 1009 894 1035 ,Ἴ

88 1040 139 1102 ipsis
156 1039 223 1098 Gallis
239 1035 416 1098 prudentioribus
437 1034 557 1081 fatentibus
577 1047 599 1081 et
620 1036 818 1098 conquerentibus,
841 1051 894 1085 con-

88 1102 147 1151 cess'o
164 1101 277 1156 dominio,
294 1111 316 1143 et
330 1095 448 1158 privilegiis
463 1096 586 1143 Eccclesrae
599 1098 723 1145 Gallicanae
734 1098 811 1161 susque
822 1099 894 1161 deque

90 1166 180 1213 babitis:
197 1163 274 1223 utique
287 1161 316 1215 ,ad
333 1159 428 1222 speciem
443 1170 571 1216 caterniano,
594 1170 622 1210 et
636 1161 728 1221 politice
742 1161 813 1225 magis
829 1178 907 1225 quam*

89 1243 158 1286 uere,
171 1225 235 1288 Rege
246 1223 328 1271 Galliae
341 1222 430 1284 quidem
445 1221 540 1269 subinde
555 1222 621 1284 Papis
636 1223 727 1271 fatente
741 1236 764 1271 et
779 1225 896 1286 adulante,

90 1303 188 1340 attatnen
204 1284 341 1350 majestatem
357 1286 431 1341 sarain,
443 1285 479 1332 ubi
490 1300 545 1347 opus
557 1284 601 1345 est,
614 1287 670 1333 bene
687 1299 710 1334 et
725 1288 845 1350 prudenter
861 1303 896 1336 tu-

92 1367 157 1413 ente,
173 1352 224 1415 qui,
241 1351 294 1397 dum
306 1350 370 1411 perles,
385 1350 459 1410 Papae
476 1346 594 1412 albitum,
608 1365 684 1398 triatrus
702 1354 749 1413 tjrts
760 1362 835 1411 tenet,
852 1353 898 1400 siue

92 1416 188 1479 denique
204 1414 262 1462 Cleri
278 1426 300 1459 et
315 1412 483 1460 Menaenorum
496 1424 614 1475 perpetuas
630 1412 797 1477 instigationes,
819 1415 899 1478 quibus

92 1496 155 1543 reges
175 1490 198 1525 et
218 1478 328 1540 principes
348 1475 376 1523 in,
390 1474 540 1523 Protellantes
559 1477 703 1535 accendunt,
730 1477 783 1524 dnm
805 1479 841 1526 vel
862 1481 899 1527 lior

92 1542 204 1607 quibusvis
220 1540 301 1588 artibus
316 1538 411 1586 reddunt
426 1538 527 1596 odiosos,
543 1540 580 1587 uel
591 1555 670 1588 eorum
687 1541 830 1589 debellatores
840 1540 899 1592 sunt·

93 1606 136 1655 mis
150 1616 231 1660 ornant
246 1602 335 1663 elogiis,
352 1602 379 1649 ad
395 1600 495 1649 animum
516 1617 655 1653 revocemus.
696 1604 842 1670 Quantopere
862 1622 898 1655 ert.

84 1686 127 1733 gr.
139 1668 227 1716 Ludou.
243 1667 310 1714 XIV.
327 1666 479 1728 cujuscunque
494 1665 577 1713 ordinis
594 1667 659 1727 Viri,
676 1668 744 1716 etiam
761 1669 832 1716 Docti
846 1684 899 1732 qua-

93 1735 229 1794 lescunque,
255 1729 278 1777 in
300 1729 388 1776 coelum
403 1729 523 1776 extulerint
544 1730 573 1777 ob
590 1731 650 1779 hanc·
664 1731 732 1778 solam
748 1731 816 1778 etiam
832 1748 900 1793 rein,

95 1796 245 1844 Dedicatt'ottes
262 1792 334 1839 etalii
350 1790 459 1839 testantur
473 1791 530 1840 libri.
573 1794 632 1856 Papa
648 1809 736 1857 quoque
756 1795 903 1844 Innocentius

96 1857 186 1906 heroica
205 1858 260 1904 haec
281 1856 327 1917 ejus
347 1853 458 1913 facinora,
481 1856 540 1903 etin
557 1856 709 1917 Confistorio,
731 1870 754 1906 et
768 1859 792 1906 in
812 1859 903 1909 Litteris

97 1922 124 1970 ad
141 1922 242 1978 Regem,
258 1917 349 1965 summis
364 1918 483 1966 celebrauit
498 1920 603 1969 laudibus.
675 1961 677 1965 .

97 2017 100 2021 ι
130 1985 150 2048 §.
167 1984 241 2031 XXX.
329 1981 559 2030 Romano-Catholica
574 1999 620 2031 non
636 1982 721 2042 dicam,
743 1985 780 2035 sed
796 1988 906 2052 Papistica

98 2045 272 2098 Antichrilliana
287 2044 397 2101 Ecclesia,
410 2056 433 2091 ut
449 2045 477 2092 de
492 2047 546 2093 orbe
562 2045 686 2095 Christiano
701 2048 862 2113 triumpharet,
885 2067 909 2104 et

96 2109 204 2161 ,baeretici
223 2109 246 2156 in
267 2106 344 2172 primis
364 2107 489 2168 apostatae,
510 2111 584 2172 quales
603 2111 712 2159 habentur
737 2108 906 2176 Protestan'tes,

99 2174 200 2224 omnium
219 2172 270 2221 odio
281 2187 311 2218 ac
327 2171 476 2234 persecutioni
491 2186 646 2234 exponantur,
673 2189 763 2236 operam
784 2178 806 2222 in
828 2177 906 2238 primis

100 2239 208 2296 dederunt
224 2235 349 2283 illustriores
364 2234 514 2296 quatuoruiri,
530 2233 614 2281 meritis
631 2235 674 2282 suis
689 2236 739 2282 alias
755 2239 905 2302 celeberrimi,

101 2300 208 2349 Batonius
222 2311 246 2346 et
262 2298 403 2345 Bellarminus
417 2296 529 2358 primum,
545 2297 594 2345 dein
606 2298 770 2361 Mairnburgius
782 2312 804 2347 et
815 2303 907 2354 Bossueu

100 2376 143 2413 tus.
177 2365 282 2412 Batonius
297 2362 320 2406 in
335 2361 451 2407 Annaliun
472 2360 605 2424 Ecetestast,
628 2359 721 2420 rectius,
743 2363 792 2425 ipso
813 2368 908 2419 Pithoeo

100 2425 186 2484 judice,
203 2427 231 2472 de
244 2422 348 2484 potestate
364 2424 451 2482 Papae,
469 2440 550 2487 opere3
572 2425 716 2473 Bellatntt'nns
735 2427 757 2474 in
775 2443 905 2482 controuer-

101 2485 137 2531 liis
152 2485 203 2534 'cum
219 2484 391 2536 Piotdtninbos
406 2486 537 2545 tractandis,
554 2487 663 2536 invidiose
674 2491 751 2548 pallim
764 2508 789 2539 ac
800 2496 904 2553 subdole,

101 2548 185 2611 nrajoie
204 2548 309 2609 adparatu
324 2564 390 2615 quam
406 2548 527 2604 soliditate,
544 2551 567 2597 iu
583 2552 656 2612 Papali
678 2553 778 2603 dominio
800 2554 907 2610 extollam,

508 2614 560 2664 OO'
867 2626 908 2693 do,
