2173 2960
157 161 193 243 br
204 188 299 242 Pericula
305 223 314 246 ,¹
325 174 427 250 Erclestr's
438 183 605 250 Praestandum
615 201 629 232 a
639 186 753 247 Papisnro,
764 179 812 237 &a
848 179 900 239 267

96 348 168 398 clesras
188 340 372 398 Protellantitun‚
388 342 540 405 cujuscunque
559 339 643 400 lisiae,
663 338 766 402 Papismo
781 335 894 394 adversas,

95 428 189 470 novam,
210 422 303 469 eamque
318 404 472 461 brevissimam,
499 405 640 452 metuendam
661 404 743 450 babere
762 400 898 463 persecutio*

96 493 160 533 nem,
176 467 213 522 sed
230 465 350 521 breviffimi
365 467 486 528 temporis,
500 468 523 513 et'
538 481 590 513 cum
605 467 671 529 longe
686 464 777 513 laetiore
798 476 897 522 eventu3,

94 541 144 597 seu,
160 537 288 600 Papisrnum
303 528 502 579 Anticlrristianum
518 544 578 576 nova
593 541 615 581 et
630 529 712 583 ultima
721 526 771 576 viee
784 526 898 590 impetum

94 603 117 650 in
133 598 241 649 Ecclesras
256 598 300 643 illas
309 593 433 651 laetarum,
450 589 516 656 inque
532 601 566 640 eas
581 592 697 656 multiplici
713 591 817 641 violentia
838 604 899 653 gras*

94 665 204 719 saturum,
221 659 260 723 per
272 657 518 706 ‘excommunicationes
533 669 555 703 et
577 656 716 715 anathemata
731 670 775 703 non
797 666 900 713 tantum,

96 726 133 774 sed
148 726 171 772 in
186 722 264 787 primis
279 720 441 786 inquisitiones,
459 736 571 783 carceres,
587 732 713 780 tormenta,
730 718 902 768 confiscationes.

42 791 44 794 ’
95 792 218 848 bonorum,
240 787 308 847 bella,
327 797 350 833 et
366 783 456 848 quaevis
471 784 576 849 supplicia
591 784 630 832 alia
647 800 673 832 ac
688 783 782 843 caedes,
809 781 847 831 sed
869 782 899 830 ad

95 856 163 903 breve
177 865 278 916 tempus,
293 853 316 897 et
330 849 353 897 in
369 849 458 897 totalem
469 849 502 896 sui
512 848 607 896 ruinam.
641 849 731 896 Scen‘nua
741 847 828 911 itaque,
841 860 897 910 pirae

95 916 288 966 Reformationem
308 911 405 978 peperit,
426 911 471 960 elle
484 914 550 976 longe
570 912 724 960 vehementius
739 911 810 959 denuo
831 925 897 974 agen-

95 982 158 1040 dam,
174 992 196 1028 at
210 982 233 1028 in
249 978 335 1026 excidio
349 975 570 1034 Antichristianismi,
586 988 608 1023 et
623 976 773 1023 conlinnmata
787 972 898 1022 reforma.

96 1045 171 1101 tione,
187 1042 360 1090 terminandam:
378 1040 433 1086 adeo
454 1051 479 1085 ut
494 1039 550 1086 duae
564 1039 666 1101 proxime
682 1039 837 1103 praecedentes
852 1038 896 1085 Ec-

95 1107 173 1156 clesiae
192 1104 290 1168 periodi,
311 1104 381 1151 altera
396 1100 584 1161 Anticlrrilliana,
600 1104 669 1149 altera
690 1101 837 1161 Reformata,
854 1101 899 1150 srnt

95 1169 234 1219 'revocandae
253 1179 276 1215 et
295 1165 462 1231 perficiendae,
484 1165 580 1228 indeque
601 1166 656 1214 duae
677 1164 766 1213 ultimae
786 1165 898 1214 Ecclesrae

94 1240 176 1283 aetates
196 1232 305 1290 oriturae,
328 1232 389 1293 priu-
411 1227 589 1277 Antichristiana
606 1228 716 1278 saevitura
741 1232 763 1278 e't
782 1228 898 1293 peritura,

92 1298 192 1362 posterior·
208 1295 351 1353 Reformata,
367 1291 496 1341 adflidiione
506 1292 581 1352 finita,
596 1292 735 1357 glorisissime
744 1291 898 1352 instauranda,

96 1375 119 1408 et
133 1359 303 1422 consummanda
318 1359 341 1406 in
357 1368 422 1405 terra.
457 1356 521 1424 Quae
536 1356 593 1413 ditae
608 1357 658 1405 sunt
672 1356 761 1420 periodi
772 1356 854 1421 saara,
876 1368 899 1405 et

91 1425 198 1490 saptiam
215 1423 270 1470 sieut
286 1421 456 1485 praecedentes,
472 1420 653 1470 Antichristiana'
663 1431 754 1483 pataria,
770 1433 793 1468 et
814 1419 899 1469 Refor-

78 1503 80 1506 ·
98 1501 157 1536 mata
172 1488 258 1548 pairarat,
269 1485 365 1532 suerunt.
399 1485 464 1533 Plura
478 1485 506 1532 ad
520 1483 593 1533 thesin
604 1484 756 1548 explicandam
767 1499 813 1533 non
829 1484 899 1545 addo,

28 1603 30 1606 ,
95 1566 146 1599 curn
161 1550 254 1612 Papismi
270 1546 438 1610 Antichristiani
455 1547 605 1597 ebaraslerem
625 1560 648 1597 et
660 1550 768 1612 periodum
783 1548 900 1613 superiori·

95 1617 135 1665 bus
150 1612 174 1660 in
190 1612 327 1661 sermonibus
342 1611 392 1660 satis
407 1611 552 1673 depinxerim.
895 1654 897 1657 ,

106 1735 108 1738 .
127 1678 147 1743 p.
161 1678 208 1734 IV.
324 1675 418 1724 Thesros
428 1675 601 1726 fundamentum
615 1677 638 1725 in
653 1677 719 1740 Apoc.
731 1676 837 1740 Johannis
847 1691 900 1724 cum

94 1740 212 1805 praecipue
231 1741 258 1788 fit
273 1740 351 1798 situm,
366 1738 390 1787 in
406 1755 432 1787 ea
452 1753 480 1787 ear
494 1740 539 1788 hoc
553 1739 610 1789 libro
626 1739 762 1790 adfirmanda
775 1738 832 1787 mibi
849 1739 897 1788 dari

95 1804 195 1869 postulo,
212 1803 318 1853 Divinam
333 1803 380 1866 ejus
394 1802 439 1851 elle
455 1802 576 1866 originem,
591 1816 615 1852 et
629 1805 657 1852 ad
667 1802 777 1853 Ecclesiae
794 1802 899 1852 Christia-

97 1883 138 1916 nae
153 1866 210 1925 fata,
225 1867 334 1931 usquead
350 1868 418 1914 finem
430 1866 565 1923 seculorum,
583 1867 688 1931 spesiare.
724 1867 791 1932 Quod
806 1866 902 1916 minime

96 1930 197 1994 iniquum
208 1930 251 1978 elie
262 1929 408 1994 postulatum,
426 1929 612 1990 Christianorum,
628 1948 712 1995 paucos
726 1933 743 1981 sr
754 1930 904 1995 exceperitis,

96 1993 168 2042 rninus
182 1993 314 2053 audiendos,
330 1993 459 2054 consensus,
473 2002 502 2042 'et
521 1995 667 2058 plurimorum
687 2007 749 2044 certa
764 1994 903 2043 demonstra-

97 2058 130 2106 tio
146 2069 208 2104 extra
222 2057 314 2105 dubium
329 2058 445 2107 collocat'
464 2059 522 2106 Cum
537 2074 593 2108 vero
609 2074 648 2122 per
665 2059 756 2108 candias
770 2058 837 2123 huJ'us
851 2059 902 2108 libri

98 2133 183 2183 partes,
199 2119 321 2186 Epistulas,
334 2121 423 2183 figula,
445 2124 551 2170 tubicinis
566 2134 590 2168 et
603 2124 685 2184 phiolas
707 2122 903 2171 excandescentiae
924 2133 925 2136 ’

98 2185 157 2243 Dei,
174 2199 202 2232 ex
216 2185 294 2248 quibus
308 2186 374 2247 Aput.
390 2186 486 2234 maxime
502 2183 602 2242 constat,
623 2184 695 2248 sparsa
710 2187 736 2233 srt
751 2185 831 2243 thesis,
847 2186 901 2234 duo-

98 2249 139 2296 bus
153 2248 202 2297 visrs
217 2264 237 2297 c.
254 2249 287 2296 XI
303 2248 420 2297 et'XVil.
436 2248 536 2312 enpress'e
546 2259 568 2295 et
578 2247 646 2296 fusius
661 2248 771 2311 exposita,
783 2264 827 2296 nec
843 2248 901 2299 cirea

100 2325 138 2358 eas
157 2312 361 2361 conveniatinter
382 2312 527 2376 Tlreologos3
553 2313 629 2360 dnobus
650 2311 721 2359 adhuc
747 2311 793 2360 aliis
807 2311 864 2362 mihi
878 2315 903 2363 in

101 2370 142 2418 hac
163 2375 352 2422 demonstratione
372 2376 413 2422 rite
428 2376 563 2426 instituenda
578 2390 633 2439 opus
648 2374 680 2422 est
696 2375 823 2440 postulatis:
849 2393 903 2442 quo-

101 2444 150 2479 rum
166 2439 256 2483 alterurn
270 2436 314 2493 est,
331 2436 442 2486 Ecclesiae
457 2440 519 2495 casm
535 2438 741 2500 cbaraslerillicos,
766 2440 805 2488 fibi
827 2441 904 2490 ordine

102 2491 242 2545 succedentes
257 2500 283 2546 ab
299 2498 364 2549 initio
381 2502 427 2564 ejus
443 2503 468 2549 ad
478 2494 566 2613 ”spppm
589 2504 625 2567 qui
635 2501 717 2568 septam
733 2505 836 2568 periodos
849 2505 903 2554 fact.

542 2579 555 2612 2
863 2582 906 2623 utu
