2173 2960
170 200 215 243 tot
380 182 477 230 hlctlorli
501 179 637 241 Prophetiam
658 179 714 227 Puri
731 182 764 228 sl.

165 315 250 359 tarem,
272 299 316 363 Jcs.
338 301 391 349 LV:
411 315 431 347 t.
453 310 502 345 tum
517 298 576 363 quod
593 297 687 346 liberum
702 298 824 362 Religionis
840 302 973 352 exercitium

166 363 270 415 Gentiles
291 381 338 413 non
359 363 515 426 permitterent
535 362 679 423 Christianis,
701 377 725 411 ut
742 380 770 411 eu
787 364 857 412 Verbi
873 366 920 413 Dei
936 385 974 415 an·

166 429 311 479 nuntiatione
327 440 349 475 et
364 426 525 476 communione
540 427 673 476 Sardorum
688 427 745 476 haud
766 428 879 492 percipere
893 442 974 492 potue·

168 494 216 543 rint
231 493 417 542 consolationem:
434 493 480 540 into
495 508 575 554 aquae,
592 508 647 556 qnae
663 492 720 554 apud
738 493 819 541 Gentes
835 492 975 557 reperieban-

168 560 218 616 tut,
231 571 292 605 eruut
309 573 406 614 amarae,
423 554 478 620 quae
494 568 569 602 notant
585 557 620 603 vel
636 555 811 616 Persecutiones‚
834 570 857 604 ut
876 557 976 605 Ecclesia

168 622 243 671 statim
259 633 350 684 experta
365 620 397 666 ell
413 619 451 666 sub
468 619 612 676 Dornitiano3
632 619 665 666 uel
682 631 704 665 et
719 619 878 685 Philosophiam
894 620 973 669 Genti-

169 688 226 743 lem,
243 699 298 746 quae
315 683 401 730 animae
417 682 547 729 defideriurn
567 683 656 743 explere
673 698 718 730 non
740 697 839 746 poterat,
857 685 977 733 Ecclesiam

169 765 224 811 ergo
240 762 286 793 non
307 746 424 794 consolari.
464 748 489 793 ln
510 746 554 792 hoc
573 745 630 792 statu
650 745 714 792 Deus
729 747 846 797 succurrit:
872 766 917 797 tntu
933 748 974 796 irn-

169 811 235 860 mill'o
250 809 311 872 ligno
332 825 398 873 aquas
418 825 500 857 amaras
522 808 657 870 dulcoravit:
681 810 740 871 quod
761 811 777 858 sr
797 812 824 858 ad
846 813 977 860 uexationes

168 873 283 931 attendas,
301 873 402 936 Lignum
418 885 481 921 notat
498 874 591 921 Crucem
604 870 696 930 Christi,
712 873 775 935 cujus
786 875 916 922 communio
928 890 988 931 0th

170 955 210 988 nes
230 936 360 987 alllidliones
381 936 454 984 reddit
474 937 534 986 leues
555 948 577 983 et
597 935 684 984 aniame
699 935 749 998 piae
768 937 854 985 dulces:
871 937 887 984 st
903 949 978 986 autem

171 1001 335 1063 Philosophiam
352 997 468 1047 Gentilem
488 1000 608 1063 intelligas,
625 1000 665 1047 etit
686 1000 786 1047 dodhina
808 1001 901 1060 Crucis,
922 1017 979 1064 quae

171 1064 326 1127 Philosophiae
341 1064 435 1111 inmixta
450 1079 500 1111 eam
515 1064 602 1127 prorsus
623 1061 736 1112 constituit
757 1063 842 1112 sruslus
863 1077 886 1111 ct
901 1064 978 1112 conso·

171 1130 378 1192 lationisplenun13
394 1142 446 1174 curn
462 1143 515 1175 uera
530 1127 670 1189 Philosophia
686 1129 780 1175 rnrtltum
796 1127 908 1187 conserat,
924 1128 980 1176 sicut

174 1207 199 1242 et
220 1193 273 1240 aliae
293 1192 397 1240 seculares
417 1189 534 1255 scientiae,
555 1191 582 1239 ad
603 1190 735 1238 Dodtrinam
755 1192 913 1255 Euarrgelicam
933 1191 980 1240 illu-

175 1257 286 1315 lltandanr
307 1267 329 1303 et
349 1255 531 1303 confirmandam.
571 1256 610 1302 adu
625 1255 687 1301 Deus
706 1256 813 1303 concessit
834 1257 879 1303 ΧΠ
893 1256 980 1315 sontes,

175 1333 200 1368 et
215 1320 280 1367 LXX
290 1320 387 1378 Palmas,
404 1320 418 1367 i.
430 1334 449 1367 e.
461 1318 548 1381 Scripta
562 1317 723 1381 Apostolorum
739 1330 762 1364 ct
776 1319 980 1382 Euangelillartrm,

176 1385 283 1448 equibus
298 1398 374 1431 veram
384 1382 509 1430 doctrinam
524 1381 551 1429 ad
566 1381 668 1429 solatium
683 1382 769 1429 abunde
783 1394 861 1445 petere
877 1395 981 1446 poterant

178 1447 307 1499 Christiani:
326 1449 403 1494 Canon
418 1446 447 1494 sc.
465 1447 487 1494 S.
506 1446 631 1507 Scripturae
646 1446 678 1493 N.
692 1446 722 1493 T.
738 1445 828 1493 demum
844 1445 876 1496 etr
891 1447 981 1494 confec·

178 1523 215 1558 tus
230 1523 253 1558 et
267 1512 369 1573 vulgatus
383 1510 405 1557 in
421 1508 485 1557 initio
502 1509 576 1557 Seculi
591 1511 621 1557 ll.
637 1523 689 1556 cum
705 1509 802 1556 Ecclesia
819 1511 866 1572 jam
886 1510 982 1558 uersare·

179 1586 217 1621 tur
232 1574 374 1633 inDeserto.
410 1576 454 1633 prio
470 1573 557 1632 Manna
574 1571 635 1619 dedit
655 1571 683 1617 de
700 1572 781 1630 Coelo,
802 1573 816 1620 i.
834 1589 853 1622 e.
872 1572 983 1621 Christum

149 1632 152 1637 '
178 1637 257 1700 jesum
272 1638 364 1701 ejusque
380 1635 491 1700 Justitiant
507 1636 640 1683 abundanter
656 1634 761 1682 concessit
776 1635 927 1685 credentibus:
944 1636 982 1683 de·

178 1701 240 1748 licias
255 1699 429 1763 quoquesuturi
444 1699 509 1746 seculi
524 1700 624 1760 praebuit
645 1697 671 1743 iis
691 1697 715 1743 in
735 1697 824 1760 ¹Cltrillo
843 1699 984 1761 praegustan-

179 1765 231 1813 das:
249 1764 344 1828 denique
354 1764 382 1823 vS.
395 1765 485 1809 Coenae
495 1760 607 1808 exercitio<
617 1761 643 1808 ud
660 1769 738 1807 eorum
754 1761 929 1809 consolationem
939 1763 980 1809 lar-

178 1829 236 1893 giter
252 1827 372 1876 benedixit.
406 1836 444 1885 uto
459 1826 486 1873 In
499 1827 564 1872 Petra
579 1838 666 1887 quoqne
681 1822 733 1872 sons
747 1822 791 1871 suit
806 1837 893 1886 apertus
903 1841 984 1889 aquae,

177 1900 220 1956 per
235 1902 310 1939 totum
325 1890 445 1938 Desertum
460 1888 564 1936 sltrerttis:
582 1900 644 1935 nutat
660 1887 771 1935 Christum
787 1888 877 1951 ejusque
893 1889 986 1950 Spiritus

179 1955 322 2004 diffusionem
342 1969 382 2017 pet
403 1954 502 2011 Gentes3
523 1951 554 1998 ita
573 1963 597 2014 ut
618 1951 681 2000 inulti
701 1951 742 1999 sint
757 1952 859 1999 conuersi
874 1963 896 1997 et
912 1953 984 2002 Donis

183 2020 222 2079 Sp.
239 2021 262 2064 S.
282 2017 394 2072 instrasti,
416 2031 461 2078 quo
482 2015 528 2077 apti
548 2015 597 2062 sunt
615 2014 669 2062 fasti
684 2014 742 2062 sitim
759 2015 931 2063 Christianorum
946 2030 988 2064 ern·

183 2082 258 2143 plere,
279 2078 317 2141 qui
327 2079 442 2124 hominum
456 2077 546 2125 salutem
557 2081 696 2141 quaerebant.
730 2079 767 2127 Sic
777 2094 831 2142 ergo
846 2078 909 2131 omni
923 2093 986 2142 parte

185 2145 250 2199 Deus
265 2142 328 2205 partit
344 2138 465 2187 Ecclesiam
481 2138 502 2184 in
519 2140 611 2187 deserto.

189 2231 191 2235 ·
219 2207 240 2271 §
256 2205 341 2253 LXXI.
416 2202 437 2249 d.
455 2201 498 2248 Sed
510 2200 576 2247 etiam
592 2201 674 2248 cultum
689 2203 800 2253 ordinauit
810 2217 831 2253 et
841 2207 985 2269 Disciplinam

184 2269 328 2319 Israelitatum
343 2267 366 2314 in
383 2266 492 2321 Deserto;
509 2264 580 2312 dando
595 2264 646 2326 ipsis
661 2266 768 2313 Sabbatha
783 2280 805 2315 et
820 2271 905 2330 Legem
916 2269 984 2317 solen-

186 2336 255 2393 niter,
273 2330 452 2380 Tabernaeulum
464 2344 552 2392 quoquc
563 2328 625 2375 suum
636 2340 657 2375 et
667 2327 813 2378 sacerdotium
825 2331 983 2382 constituendo,

184 2401 251 2448 Haec
266 2396 339 2445 omnia
360 2393 427 2440 eti-rm
443 2391 582 2456 spiritualiter
597 2392 670 2439 locum
686 2392 768 2440 habent
779 2394 817 2442 sub
827 2395 859 2443 N.
873 2397 903 2444 T.
919 2398 987 2445 Licet

181 2463 205 2515 irr
222 2460 289 2512 Festo
304 2457 457 2519 Pentecostes‚
472 2472 525 2505 cum
540 2455 636 2520 Spiritus
651 2456 682 2504 cst
697 2457 790 2519 effiisus‚
806 2459 902 2508 Eccleha
913 2460 946 2507 N.
954 2462 985 2508 T.
1029 2516 1032 2523 ι

535 2566 536 2570 ,
893 2535 989 2583 mitrata,
