2173 2960
192 199 238 247 230
410 179 481 227 Sunio
500 178 641 229 Academicus
662 181 777 231 Secundus.
842 247 846 256 .

193 332 261 402 pirum
277 334 304 383 sit
321 335 488 395 confusionem,
505 351 557 383 cum
572 336 693 384 nrrrltorntn
710 337 777 386 etiam
788 335 877 396 exsiliis,
895 348 917 385 et
928 340 1001 389 ccccli-
1041 382 1043 386 .

197 405 238 452 bus
253 401 408 463 corrjuiritunu
424 414 466 447 nec
484 400 591 464 denique,
607 399 646 448 ubi
660 412 684 448 et
699 400 787 464 quiundo
803 400 859 448 fidei·
874 413 898 448 et
913 403 1002 466 religit-

195 469 227 515 nis
244 465 309 514 causat
328 463 410 511 suerint
431 461 498 527 aliqui
519 464 576 513 mdc
592 463 705 524 mulsisti,
726 477 763 529 arnt
778 464 908 528 grauissimis
923 466 1005 531 suppli-¹

194 531 234 578 ciis
256 528 355 577 struitur
378 527 443 575 etium
461 527 533 590 cupite
550 527 627 593 pleni?
649 528 698 587 sed,
716 532 752 576 cclii
768 541 789 575 et
805 531 884 591 pertusulo
906 544 1003 579 conones

195 591 262 651 fidei,
279 593 348 641 cultus
364 591 398 640 sel
414 592 540 655 regiminis,
559 608 610 638 enm
626 592 650 639 in
666 594 758 640 modum
771 591 795 639 ui
806 608 831 640 uc
846 593 906 640 serto
922 594 1004 642 sinerint

197 656 281 705 des-:usi
298 668 320 703 ct
337 654 454 714 visuum,
472 668 497 701 ut
513 652 565 702 niihil
581 655 651 717 mugit
667 656 712 702 lroc
728 657 776 719 ipso
792 656 860 705 suerit
880 657 908 705 in
925 659 1003 707 nccle-
1032 685 1038 689 -

196 722 226 770 siu
238 719 398 780 conspicuum,
411 718 463 766 nitu
479 718 503 765 in
520 731 564 780 qrro
576 718 646 778 iringis
662 718 805 777 desudatum,
821 733 859 768 aut
869 721 953 783 niujore
963 724 1004 770 ini·

195 798 250 848 petu
264 781 392 837 adiectuim
408 781 460 828 nihil
477 780 584 844 denique,
602 793 627 826 ut
638 795 686 827 rem
698 783 768 829 uerbo
784 785 1004 847 compledu1·,qrrc«d

192 848 272 910 periodi
288 843 437 891 clruraclereur
453 845 523 907 figere
539 845 623 906 quent?
644 842 692 890 Etsi
708 845 768 891 enim
784 844 855 907 ulique
872 847 1005 897 Anticluilli

194 909 293 959 sucinorn
304 907 339 955 liic
348 907 406 965 illic,
423 906 515 955 diversis
530 904 618 963 seculis,
631 906 723 954 suerunt
739 920 876 970 perpetratu:
897 910 951 958 illud
971 911 1003 958 ni-

196 975 226 1023 nil
242 971 298 1020 aliud
315 971 413 1029 evincit,
429 987 455 1019 nc
470 969 584 1035 ruffin-lun
607 972 728 1033 iuiunuucis
744 982 796 1017 ante
812 972 921 1034 coepisse,
937 990 1005 1037 quum

195 1035 347 1087 Ariticlrtistus
366 1033 390 1083 in
412 1036 485 1083 lucem
502 1034 534 1081 est
555 1034 642 1092 editu3‚'
661 1047 686 1082 ut
701 1035 779 1083 Paulus
794 1035 903 1099 loquitur,
927 1039 962 1086 vel
978 1050 1004 1085 ut

196 1102 323 1165 Joliuirne3‚
335 1100 411 1147 unicultor
417 1098 486 1162 fuisse
498 1097 658 1161 Acrcicln'r'stcs,
675 1097 714 1161 qui
729 1099 819 1161 proprie
834 1099 864 1147 lic
879 1100 941 1150 elisio
956 1104 1004 1149 An-

193 1162 294 1214 tichristo
310 1163 370 1212 vium
385 1161 537 1226 praeiverunt.
571 1160 622 1224 lpse
637 1175 693 1209 uero
710 1160 860 1210 Antichristus
874 1177 924 1212 autc
934 1168 1004 1228 impe·

194 1228 252 1277 riuus
269 1226 373 1275 obtinere
390 1226 454 1274 statui
471 1225 563 1288 nequit,
587 1239 655 1288 quum
675 1239 728 1273 cum
750 1226 844 1273 Persona
867 1227 951 1291 uliquis,
971 1228 1005 1276 su-

194 1308 273 1357 prema
293 1290 316 1338 in
336 1290 434 1339 Ecclesia
455 1288 588 1356 undositate
609 1300 631 1336 et
646 1287 770 1349 potestate,
793 1304 850 1353 quae
864 1290 943 1339 limites
959 1307 1006 1340 uon

195 1356 274 1414 uouit,
290 1354 382 1412 vestita,
399 1353 421 1401 id
439 1353 526 1401 sunrma
546 1367 616 1415 opum
638 1352 661 1400 vi
687 1350 804 1412 adnititur,
831 1365 856 1401 nt
877 1355 1007 1419 religionem

194 1421 257 1471 strum
271 1429 354 1467 armata
373 1432 441 1466 manu
461 1428 562 1473 tueatur,
579 1428 601 1462 et
623 1415 648 1464 in
668 1414 832 1474 dissentientes,
848 1428 954 1482 tuuqrram
970 1434 1006 1466 te-

194 1485 261 1533 belles
275 1495 298 1530 et
312 1482 395 1532 deuota
409 1479 496 1544 cupita,
513 1478 620 1527 hostiliter
637 1478 715 1537 irruit,
738 1479 837 1544 nihilque
858 1481 960 1530 nonsibi
980 1482 1006 1531 li-

193 1562 245 1596 cere
262 1559 331 1609 putut.
365 1545 467 1603 Prorsus,
483 1541 673 1608 quemadmodum
689 1542 809 1603 periodum
825 1543 1007 1605 persecutionum

198 1625 241 1673 per
257 1611 373 1658 Romanos
389 1608 481 1670 gentiles
496 1604 615 1654 cucurrisse
630 1604 750 1667 prudentes
766 1618 842 1653 rerum
857 1607 1008 1656 aestimatores

197 1674 335 1731 infitiantur,
358 1672 408 1719 licet
429 1667 698 1734 frequenterrsueuierint
713 1669 868 1717 tumultuariae
892 1682 916 1719 et
940 1672 1007 1735 purti-

182 1738 280 1796 culures
294 1735 472 1798 persecutiones,
488 1745 609 1796 antequam
624 1731 724 1779 Romani
735 1733 885 1795 Imperatores
902 1733 1004 1783 Christis-

192 1801 265 1850 rusmo
276 1798 385 1855 delendo,
403 1810 425 1843 et
437 1795 542 1859 religioni
552 1793 636 1858 patriae
646 1793 836 1854 statuminandue,
848 1811 940 1846 omnem
951 1813 1005 1862 ope·

192 1881 239 1912 turn
256 1863 427 1926 impendentium
449 1859 543 1924 quoda
563 1856 639 1906 medio
659 1858 710 1906 Sec.
733 1859 774 1906 Ill.
793 1860 829 1918 uel
851 1875 864 1906 a
884 1860 960 1909 Decio
977 1862 1006 1909 ud

194 1928 271 1977 Const.
288 1930 324 1976 M.
342 1925 410 1988 usque
425 1922 526 1979 dilicuit,
543 1921 586 1976 itu,
602 1922 653 1969 licet
667 1933 690 1968 ec
705 1934 756 1969 unte
772 1933 794 1969 et
810 1921 861 1985 poll
877 1924 1005 1973 Antichris-

192 2006 241 2041 tum
256 1992 302 2040 sese
318 1989 421 2038 similium
439 1985 609 2035 commissorum
620 2000 670 2033 reos
680 1987 780 2049 egerint,
796 1985 826 2033 illi
838 1987 887 2050 ejus
901 1989 1006 2046 Praecur-

195 2056 254 2104 sores
269 2056 370 2112 audiant,
387 2051 411 2099 lri
430 2053 478 2115 ejus
500 2049 593 2113 vestigia
613 2063 728 2114 premunt,
745 2061 769 2097 et
784 2051 936 2103 clruradlerem
958 2052 1006 2115 eJ'us

195 2118 264 2178 sionei
276 2135 301 2166 oc
316 2116 415 2163 matribus
431 2113 560 2178 impressum
570 2125 661 2177 gerant3
677 2112 823 2174 Accciclussiur
835 2111 882 2176 ipse
892 2130 940 2163 non
951 2114 1007 2174 erit,

192 2181 233 2232 uisi
248 2182 287 2229 ubi
303 2177 445 2233 dominatur·⁵
462 2177 567 2237 grassatur
584 2191 607 2225 et
620 2177 688 2235 furit3
706 2176 746 2224 nili
756 2177 799 2226 ubi·
806 2179 901 2226 ultionum
912 2180 1008 2226 Seterrae

193 2262 233 2310 per
249 2242 358 2293 Ecclesiae
374 2239 455 2303 erigit,
472 2248 495 2284 et
512 2237 593 2284 bellum
613 2238 670 2297 gerit
690 2253 743 2283 cum
763 2239 842 2286 sundlis
857 2252 880 2286 et
894 2239 1007 2288 innocuis,
1035 2239 1037 2241 ’

194 2311 249 2357 Hoc
265 2325 316 2355 curm
336 2304 422 2369 agitur,
448 2302 548 2365 periodus
568 2298 742 2362 Anticlrisiiunu
762 2298 786 2345 iu
802 2301 866 2346 cursu
882 2301 928 2359 est,
945 2302 1008 2364 cujus

194 2372 299 2429 termini,
315 2384 374 2431 aquic
386 2379 409 2417 et
421 2366 450 2415 ud
466 2380 538 2429 unctu,
554 2375 579 2410 ut
595 2362 688 2421 dicitur,
705 2362 827 2409 secuudum
837 2362 895 2411 lruuc
905 2379 1007 2417 uotiuum

197 2435 282 2490 fisesrsdi
299 2434 358 2482 sunt.

227 2501 248 2567 l.
265 2499 355 2550 uniit.
423 2494 496 2547 Hisce
508 2491 624 2552 limitibus,
640 2508 697 2556 quos
714 2488 805 2539 finees
820 2489 968 2557 Apocalypsi,
980 2493 1008 2541 si·

981 2572 1011 2605 ue
