2173 2960
140 119 183 168 ιν
338 90 756 169 PRAEFATIO.

144 328 229 385 tem,
256 327 317 396 qua
334 302 452 369 ratione
472 297 652 392 prophetias
676 305 803 391 tractare
820 298 953 388 lirleam,

142 421 179 463 ac
196 397 396 488 exponendas
410 393 577 474 censeam,
600 394 814 462 indeconllet·
861 396 956 466 Unde

142 488 210 570 ell,
235 490 342 581 quod,
374 489 516 553 brevitati
541 484 690 567 studens,
722 486 803 554 Tuis
830 510 977 580 quoque*
1061 495 1063 498 ’

144 582 322 648 commodis
355 581 463 658 litans,
498 577 653 646 afusrute
689 578 740 645 seu
774 577 954 662 Historiae,

145 674 196 739 seu
230 672 466 760 Prophetiarum
497 671 744 757 particularium,
770 672 957 740 deductione

146 762 371 841 abstinuerim,
400 762 469 827 loca
496 761 606 852 Script.
639 763 669 828 S.
696 763 817 844 citasse,
854 768 957 854 paucis

144 856 303 943 exceptis,
329 854 368 920 de
386 854 498 943 quibus
514 875 655 920 mentem
673 856 764 943 paulo
780 857 956 945 productius
1014 904 1015 909 η

144 946 291 1034 exposui,
325 965 357 1011 et
376 944 455 1010 falla
471 944 620 1033 ¹ltillorica
639 946 736 1035 digito
758 945 955 1028 monstrasse,

143 1037 251 1128 pallrm
278 1055 454 1104 contentus.
512 1036 610 1120 Quod
638 1063 677 1103 eo
703 1041 799 1127 magis
822 1035 901 1118 feci,
926 1057 957 1106 et

142 1131 248 1197 facere
273 1130 380 1207 licuit,
405 1134 477 1219 qula
502 1127 551 1194 Cl.
575 1130 736 1217 Vittlugae
760 1149 957 1198 commenta·

142 1224 177 1290 tii
191 1223 229 1289 ad
244 1220 304 1308 Jefi
316 1239 347 1287 et
360 1220 506 1310 ,Apocal.,
531 1244 610 1310 quos
635 1243 709 1309 prae
730 1223 854 1313 reliquis
865 1245 954 1313 =mag·

142 1315 173 1379 ni
195 1313 277 1379 facio
299 1310 436 1403 et‘sequi
459 1309 584 1400 pallrm,
612 1335 671 1377 uec
691 1331 796 1378 tamen
819 1307 955 1404 ubique,

141 1424 176 1471 ut
197 1429 235 1471 ex
255 1405 640 1496 hoccptoqueitrtelligea
653 1406 821 1493 opuscula,
846 1404 949 1485 sole0,

140 1499 172 1563 iu
194 1500 338 1563 omnium
357 1496 424 1561 suut
444 1498 603 1579 manibus3
625 1499 687 1562 mei
710 1521 836 1588 quoque
853 1497 900 1562 vel
922 1499 954 1563 in
977 1559 979 1562 .

140 1589 302 1679 publicum
325 1590 524 1677 prodierunt,
549 1588 593 1652 uti
617 1589 652 1652 ad
676 1586 862 1673 Jeremiam,
888 1587 952 1653 Da·
986 1597 987 1600 ’

139 1682 259 1747 nielem
286 1699 317 1745 et
338 1679 545 1758 Malachiam,
573 1681 639 1758 uel,
666 1678 728 1745 stre
750 1704 800 1745 me
818 1681 888 1745 viro
914 1679 952 1746 sr-

139 1795 177 1837 ve
196 1793 340 1845 mortue,
366 1771 469 1835 iucem
493 1772 658 1850 videbunt,
679 1770 784 1834 mltem
805 1796 844 1835 eo
858 1773 958 1857 parati
993 1797 995 1801 ·

138 1862 225 1937 sunt,
252 1860 296 1923 uti
311 1859 348 1920 acl
363 1856 589 1931 Ezechielem,
615 1874 646 1919 et
662 1859 796 1945 reliquos
812 1860 950 1944 Prophe-

136 1972 182 2018 tas
206 1952 372 2024 mirr'oteS,
390 1962 421 2010 ut
441 1947 648 2033 adpellantur,
673 1970 795 2013 omnem
844 1947 954 2015 Histm
1045 2016 1046 2019 ,

136 2050 201 2111 riae
221 2065 297 2107 vero
316 2039 456 2105 notitiam
478 2041 507 2102 iu
531 2039 714 2111 vlaetioribus
741 2040 818 2105 meis
840 2039 950 2131 luppo-

138 2136 200 2215 sui,
227 2134 275 2200 vel
296 2129 418 2198 aliurrtle
438 2128 528 2215 facile
544 2131 580 2193 ab
598 2131 631 2193 iis
652 2131 817 2217 petendam
833 2133 947 2200 censui.

136 2228 247 2311 Quem
281 2227 312 2290 iu
347 2220 446 2289 linem
473 2219 683 2286 lullitutiotres
708 2245 791 2287 meas
817 2222 962 2290 Histori-vv

136 2343 208 2398 cas,
223 2316 392 2383 ,Ecclefiae
416 2314 454 2379 V.
473 2337 512 2378 ac
529 2311 567 2376 ll.
585 2311 642 2391 T„
665 2313 769 2400 praelo
788 2313 949 2382 destinatas

135 2411 191 2479 sue.
204 2428 367 2501 tempure,
394 2407 468 2475 Deo
485 2404 629 2485 volente,
655 2406 753 2472 oculis
770 2405 850 2475 Tuis
868 2406 951 2472 usur-

255 2519 259 2525 *
879 2520 953 2588 pate
