2173 2960
438 261 540 310 Pert'odtir
554 259 604 308 HL
625 270 626 274 ’
875 275 921 323 139

115 395 138 432 et
153 382 242 432 Ritibus
257 375 393 442 Religionis3
414 378 475 426 etin
491 377 652 442 Propagatione
667 376 781 442 Euangelii
800 392 839 441 per
855 377 919 425 Geu-=

115 461 159 508 tes,
175 462 231 511 quae
243 448 293 493 Sec.
311 443 339 489 a.
352 440 449 496 obtinuit
460 450 510 488 'non
520 441 658 502 spernenda3
675 442 765 505 quando
776 443 847 504 Papae
862 457 917 503 quo-

69 508 71 513 ’
112 505 157 575 [oue
172 510 279 559 Sec.‘Xl.
295 507 345 568 jura
361 504 473 550 Ecclesiae
489 504 578 550 strenue
594 519 716 567 coeperunt
732 503 858 553 vindicare:
880 505 916 552 sed

114 570 165 625 vcra
175 574 246 623 Pietas
263 573 327 634 plane
343 580 389 613 erat
403 566 515 626 eutinsta5
533 566 658 629 superstitio
673 582 696 616 et
707 570 819 617 carnalitas
826 581 869 629 per
880 566 917 614 'to-

112 653 161 689 tum
171 635 322 685 dominabatur
332 631 442 678 Ecclesiae
453 645 546 693 corpus:
563 631 664 679 nonnulli
678 649 731 680 cuni
747 631 869 682 devotione
884 629 919 678 illa

113 717 189 752 veram
205 701 310 762 pietatem
326 696 396 742 adliuc
411 694 484 758 aliquo
500 694 571 742 modo
587 696 768 759 conjungebant,
786 708 812 744 ut
827 695 862 742 liic
874 695 918 742 illic

113 767 137 813 in
149 762 280 819 Coenobiis3
297 760 332 808 sed
344 759 408 821 pauci
418 772 482 806 erant
493 775 504 805 a
514 757 671 822 superstitione
683 774 705 807 et
716 760 862 825 corruptione
877 775 921 823 pu⁸¹¹

113 827 140 876 ri.
174 826 242 874 Unde
253 824 296 874 orti
311 823 360 872 sunt
371 823 538 882 Waldensuint,
555 835 578 869 et
594 822 758 887 Albigensium,
775 836 854 880 coetus
867 825 934 875 Sed„

113 892 165 941 XII.
200 889 264 956 Quae
279 899 331 936 eum
348 901 376 934 eii
391 886 451 935 Hist.
468 888 529 935 Eccl.
547 898 600 934 nota
615 886 677 948 sunt,
693 901 715 935 et
729 890 752 937 in
768 887 847 936 nostris
857 885 917 935 insti-

32 1006 34 1011 ,
112 956 231 1004 tutionilius
242 953 311 1002 fusius
321 952 473 1010 deducuntur,
485 952 554 999 verbo
565 950 658 1014 tetigisse
666 952 754 1001 sufficit.
772 951 920 1016 ClVitriuga

112 1018 234 1083 Epistulam
244 1019 302 1065 lianc
312 1016 380 1062 refert
390 1016 416 1063 ad
427 1014 562 1073 Ecclesiam,
579 1030 636 1079 quae
646 1031 657 1062 a
668 1018 716 1065 Sec.
729 1018 774 1064 ΧΗ
784 1015 829 1064 sese
840 1029 916 1068 extens

65 1099 67 1103 ’
112 1084 147 1132 dit
156 1083 183 1131 ad
193 1081 399 1139 Resorinationem
431 1079 475 1125 Sed
487 1076 573 1136 obstat,
588 1079 647 1142 quod
659 1080 726 1151 pauci
738 1080 779 1139 illi,
796 1079 835 1143 qui
846 1079 922 1128 uestes,

112 1147 159 1196 suas
170 1160 215 1193 non
225 1144 360 1192 terminarunt
367 1179 373 1201 ,
380 1141 416 1189 hic
425 1153 544 1189 occurrant
555 1154 580 1188 ut
590 1144 683 1203 occulti,
695 1156 719 1201 et
728 1143 838 1191 Ecclesiae
848 1143 924 1193 adhuc.

112 1211 223 1265 memorat
241 1224 292 1255 curn
303 1206 362 1254 nulla
371 1206 410 1252 liat
419 1205 506 1253 mentio
521 1217 560 1253 aut
574 1205 753 1269 separationisab
764 1224 801 1265 ea,
818 1220 856 1254 aut
867 1209 920 1254 Per-¹

109 1271 243 1330 secationis,
260 1282 297 1318 aut
308 1282 441 1328 conatuum,
457 1284 512 1332 quos
528 1268 594 1333 pauci
608 1270 637 1318 illi
651 1270 755 1319 fecissent
763 1271 790 1319 ad
801 1269 923 1318 Ecclesiam-

111 1335 289 1394 resormindamj
306 1348 362 1398 quae
377 1333 452 1381 omnia
468 1346 543 1381 tamen
555 1335 711 1383 Waldenfium
727 1348 750 1383 et
759 1334 861 1382 similium
871 1333 925 1383 suntv

112 1400 207 1450 criteria.
242 1401 327 1447 Contra
342 1412 394 1445 etim
408 1397 463 1445 haec
478 1396 524 1460 ipsa
540 1398 637 1446 Ecclesia
652 1399 739 1448 dicatur
754 1399 835 1461 habere
851 1396 923 1460 pauca.

106 1463 218 1524 nummi,
238 1461 349 1520 innuitur,
371 1477 409 1509 eos
424 1476 507 1522 paucos
522 1463 594 1509 adliuc
609 1461 674 1511 fuisse
694 1479 748 1512 cum
768 1462 804 1511 illa
823 1462 922 1511 Ecclesia

58 1557 65 1590 3
111 1528 209 1592 junctos.
243 1526 272 1573 Et
287 1524 398 1589 nupta.
409 1524 455 1588 seq.
472 1526 559 1574 mentio
574 1526 665 1575 demum
687 1527 715 1575 sit
735 1538 858 1576 conatuum
873 1526 921 1590 pio·

112 1607 163 1639 rum
179 1591 206 1638 ad
222 1589 343 1638 Ecclesiam
357 1588 529 1639 reformandam.
563 1590 594 1638 Et
609 1606 666 1654 quae
675 1591 705 1640 de
720 1590 812 1655 Judiciis
827 1589 925 1639 Domini

113 1651 292 1719 superventuris,
314 1651 338 1700 ni
358 1650 500 1714 resipiscant,
521 1654 644 1714 habentur,
665 1655 726 1703 redte
746 1655 873 1704 referuntur
892 1653 920 1702 ad

110 1720 201 1781 eugas,
222 1732 278 1780 quae
294 1733 306 1763 a
321 1717 371 1765 Sec.
389 1717 441 1764 XII.
462 1715 537 1781 infligi
559 1732 682 1781 coeperunt
697 1719 810 1768 Ecclesiae
829 1715 918 1779 Papali3

113 1780 141 1829 de
162 1781 240 1843 quibus
260 1780 299 1827 sito
319 1779 377 1827 loco.
416 1779 455 1826 De
473 1779 513 1826 illis
529 1781 623 1842 Judiciis
642 1781 682 1829 liic
696 1795 722 1830 ut
736 1781 817 1832 futuris
832 1782 917 1844 agitur,

112 1858 187 1908 quumv
196 1858 240 1889 nou
256 1841 456 1889 demonstraverint
471 1840 663 1903 Resipiscentiam.
804 1883 805 1889 ,
906 1869 907 1872 =

150 1905 170 1971 d.
179 1906 264 1953 CXII..
346 1903 469 1967 Supersunt
483 1903 610 1953 Talalati:
625 1905 719 1968 perveni
729 1908 756 1956 ad
767 1907 858 1969 titum,
875 1923 921 1973 quo

112 1969 286 2033 repraesentatur
297 1968 368 2015 Mons
382 1982 476 2030 magnus
489 1966 630 2033 ignivomus,
646 1972 682 2018 uel
698 1977 765 2021 totus'
774 1972 865 2035 igneus,
881 1975 919 2036 qui

113 2036 163 2083 loco
178 2043 251 2081 motus
265 2030 382 2094 conjicitur
397 2030 420 2079 in
437 2032 517 2093 Mare,
538 2048 591 2081 cum
607 2049 634 2082 eo
651 2034 749 2096 effectu,
764 2048 790 2083 ut
810 2036 878 2083 Mare
892 2036 921 2085 sit

113 2096 202 2146 versum
217 2096 238 2144 ln
254 2095 399 2158 sanguinem,
421 2095 503 2143 belluae
523 2098 619 2145 marinae
634 2096 739 2158 occisae,
759 2112 783 2146 et
798 2114 867 2147 naues
882 2100 922 2148 de·

88 2223 90 2226 y
112 2160 208 2210 strudae
227 2160 253 2207 ad
273 2172 361 2222 partem
380 2157 484 2219 tertiam,
498 2160 546 2224 ipso
567 2160 621 2208 dein
641 2172 721 2209 monte
735 2161 766 2210 src
781 2178 871 2227 quoque
885 2165 923 2214 ab·

114 2224 204 2289 sorpto;
221 2225 280 2287 quod
296 2222 389 2287 quidem
403 2237 450 2269 non
465 2223 551 2270 additur
566 2224 679 2288 euprelle,
700 2225 738 2273 sed
753 2242 781 2276 eit
791 2228 922 2279 Emblema.

114 2301 138 2338 te
153 2286 270 2350 colligitur.
296 2286 420 2349 *Pertinere
439 2284 463 2333 id
483 2287 599 2336 Emblema
619 2289 646 2335 ad
665 2290 762 2353 populos
783 2290 922 2354 vastatores,

114 2352 153 2413 qui
173 2352 258 2400 sedibus
278 2350 320 2399 suis
340 2348 430 2399 excitati
449 2348 472 2397 se
492 2349 515 2399 iu
536 2352 606 2400 Rom.
626 2352 749 2414 Imperium
775 2354 921 2418 effuderunt,

114 2414 193 2478 easque
212 2415 285 2464 clades
305 2413 327 2462 ei
345 2415 482 2473 intulerunt,
508 2414 580 2464 donec
604 2426 626 2462 et
649 2414 690 2477 ipsi
712 2415 754 2466 suit
773 2420 866 2468 emindii
888 2423 924 2472 vel

117 2475 179 2521 llari
197 2479 366 2547 comprehensi,
387 2477 596 2527 demonstraverunt
616 2480 731 2527 Latinaeus
752 2494 774 2530 et
795 2483 919 2547 Vitringa:

117 2535 161 2582 Sed
181 2551 219 2597 qui
238 2556 262 2587 in
282 2556 310 2587 eo
330 2540 473 2601 dissentiunt,
493 2543 553 2654 qpod
574 2542 607 2590 ol.
628 2540 735 2608 Vitiiuga
756 2546 873 2660 restridgai
893 2548 920 2595 ad

117 2620 119 2629 ·
398 2643 400 2645 .
539 2618 552 2653 a
658 2625 660 2627 ’
731 2661 733 2664 ,
843 2621 922 2674 otios,
