2173 2960
212 170 257 213 202
434 193 447 201 >-
470 216 471 219 Ἴ
495 161 569 210 Structo
585 161 739 211 Academicus.
760 165 769 211 ζ

206 314 385 381 riuuuu‘ret’publ.
401 318 533 366 Motrurtlruu
548 316 692 382 t'rruidtffluzu,
709 329 729 367 ut
740 317 867 382 Pontificiui
883 323 1009 383 oturriputuu·

207 386 252 430 uiue
269 384 409 448 tortseruuturt'
420 386 529 431 utut-rtur.
563 382 626 431 Plura
638 381 727 444 suniliu,
740 385 755 433 sr
771 384 822 431 iliud
832 399 900 432 'ntrnc
909 390 1012 447 agerem,

206 447 267 494 nullo
279 448 354 495 labore
362 445 458 509 proferri
469 446 569 510 poss'ent:
587 446 637 505 sed,
653 447 713 510 quod
723 447 823 497 nostruin
839 446 930 511 scopum
946 447 1012 504 ferit,
1048 462 1051 467 ’

209 510 237 558 ud
253 510 406 559 titulationes
422 510 605 570 adverti-veiint,
622 526 699 559 omnes
715 511 845 560 Anticirristi
862 511 1012 568 cbarabbetes,

207 591 264 639 quos
279 575 360 638 Apost.
377 573 411 621 bic
425 574 508 637 fignat,
530 574 557 621 ad
572 575 706 623 irnrnensunr
723 592 762 624 nos
778 576 858 624 ducere
873 575 968 634 fastum,
991 586 1013 620 et

208 638 324 686 hominurn
345 637 413 686 ocuiis
433 637 553 700 subjicere,
575 637 620 700 qui·
638 639 764 701 supremam
789 640 853 703 supra
878 654 955 688 ornnes
975 636 1015 685 nbi

208 700 308 749 adsciscit
323 701 478 750 aurtioritatern
494 713 516 748 et
530 699 678 764 potestatem,
694 718 737 764 qua
752 703 839 751 cuntiis
853 705 876 751 in
892 717 949 751 terra
965 701 1013 764 dig·

208 763 312 812 nitatibus
337 778 359 812 et
385 764 529 826 potestatibus
554 761 671 826 superior,
696 766 813 825 struimus,
839 766 966 815 uniuersalis
992 777 1017 812 et

201 825 351 888 ΥιὶνΊοιφειἹορικὲς
370 827 409 886 stt,
426 827 540 876 censeriue
560 826 616 881 velit,
631 826 733 886 Dobtor,
755 829 865 892 legissator
883 842 906 876 et
928 827 1015 892 Judex,

207 892 346 953 eandemque
366 890 405 939 srbi
425 890 585 954 subjebtionern
605 890 722 954 praestari,
744 907 800 955 quae
821 892 861 939 soli
881 893 934 940 Deo
950 891 1016 939 debe·

208 967 252 1004 tur,
279 955 358 1003 Homo
369 953 511 1018 depingitur,
527 953 565 1019 qui
580 955 632 1002 Deo
648 955 691 1014 nii,
708 953 748 1002 nist
759 955 819 1017 quod
830 967 907 1003 natura
918 955 1015 1003 luunana

207 1018 302 1082 respuit,
323 1018 440 1081 relinquit,
457 1030 544 1067 caetera
564 1019 639 1067 ornniu
659 1017 698 1067 fibi
714 1018 802 1082 arripit,
817 1018 906 1079 titulos,
922 1018 1017 1066 aution-

207 1095 290 1147 tatern‚
308 1081 454 1145 potestatem,
471 1082 623 1130 adorationem
641 1095 663 1130 et
684 1083 789 1132 cuitunr.›
813 1083 854 1130 Ne
874 1096 950 1132 arrtenr
970 1081 1019 1145 quis

208 1146 264 1195 falso
280 1145 421 1208 opinaretur,
438 1161 491 1193 eum
507 1146 552 1193 Dei
568 1144 612 1192 effe
627 1149 744 1206 tuturiuu,
760 1150 774 1193 a
787 1146 841 1195 Deo
855 1147 879 1195 iu
895 1157 961 1209 caput
981 1145 1015 1193 su-

207 1225 248 1273 pra
264 1209 340 1257 omnia
355 1209 474 1269 eredunt,
491 1221 513 1258 et
528 1207 626 1263 nomine·
636 1209 683 1269 Dei
698 1224 736 1268 ea,
753 1225 810 1272 quae
823 1212 910 1271 diutuu,
930 1210 968 1257 seu
982 1210 1018 1273 ju·

209 1273 255 1332 sta,
280 1288 349 1337 aequa
374 1285 398 1321 et
417 1274 475 1321 bonu
500 1273 563 1331 sunt,
584 1271 781 1344 agere,prqhibet
796 1273 914 1338 aduersarii
929 1273 1017 1323 titulus:

132 1338 134 1342 '
209 1338 309 1400 adeoque
324 1337 433 1400 genuinus
448 1335 597 1389 Antichristus
613 1335 658 1396 est,
680 1353 731 1400 qur,
750 1336 841 1385 nornine
863 1336 944 1386 Christi
959 1340 1018 1387 rica·

211 1404 271 1460 rius,
287 1416 311 1448 re
321 1400 388 1465 ipsius
403 1400 539 1465 udtursurtus
554 1399 599 1460 est,
616 1400 722 1463 quisrbi,
739 1401 799 1464 quod
811 1400 892 1449 Christi
904 1400 949 1459 est,
965 1400 1020 1449 affe·

209 1467 252 1524 rit,
268 1464 350 1529 quique
370 1467 480 1525 liberaturi,
501 1468 593 1523 rutiurd,
610 1465 706 1525 legibus,
723 1463 899 1513 ordinationibus
914 1464 1020 1523 Divinis,

207 1528 305 1593 justitiae
316 1541 338 1576 et
348 1529 493 1589 humanitati,
505 1541 528 1576 et
543 1525 650 1591 quicquid
665 1526 788 1587 Sanbiur'n,
804 1540 828 1576 et
838 1527 1020 1588 uenerabileest,

210 1592 294 1642 beilum
308 1591 387 1640 indixit
402 1589 543 1655 perpetuum.
566 1626 568 1631 -
975 1598 985 1616 ⁸
1012 1625 1014 1637 2

222 1680 223 1684 =
243 1656 264 1720 q.
282 1657 338 1706 XV.
441 1655 507 1703 Nihil
517 1655 553 1703 hic
563 1655 591 1702 de
606 1654 702 1714 haeresi,
718 1654 854 1714 idololatria,
867 1666 890 1703 et
906 1652 1017 1717 corruptis

208 1722 315 1777 utut-tuus,
333 1720 414 1768 euntia
428 1718 452 1767 in
468 1718 548 1767 fastum
555 1755 565 1779 ‚y
578 1719 708 1781 elationem,
724 1717 878 1767 aridioritatenr
889 1730 912 1765 et
921 1717 1018 1781 potestat-
1061 1758 1069 1777 ,Ἴ

208 1798 270 1841 tent,
287 1795 382 1842 eueuut,
400 1782 499 1846 adeoque
514 1781 541 1830 iisv
553 1781 577 1829 in
592 1780 807 1831 rebustntichristi
818 1781 973 1829 characterem.
983 1796 1017 1828 es·

208 1849 231 1896 se
252 1847 335 1906 suunt,
357 1847 402 1895 sole
423 1845 822 1907 meridiano*clariusdernonstrunt3
843 1845 902 1908 apud
923 1861 960 1894 eos
976 1845 1018 1892 utiss

211 1924 269 1976 que,
289 1910 326 1975 qui
347 1910 482 1975 Apostolum
503 1909 532 1957 de
551 1909 706 1970 Antichristo,
729 1923 751 1958 et
771 1924 818 1957 non
840 1908 869 1956 de
884 1909 1020 1972 imperatore

210 1977 285 2039 aliquo
302 1976 382 2034 Rom,
400 1983 437 2022 aut
453 1973 632 2023 Pseudo-Mesua
648 1974 754 2023 zelotisve
769 1973 828 2021 inter
845 1973 941 2036 Judaeos
957 1971 1018 2036 capi-

212 2052 271 2096 unt,
293 2040 423 2100 quibuscum
450 2037 504 2085 inibi
529 2053 565 2087 res
585 2037 624 2087 est.
658 2038 764 2087 Iilustrior
784 2038 824 2085 fiet
844 2035 1018 2095 demonstratio,

210 2114 266 2149 cunr
281 2102 441 2158 observavero,
457 2102 568 2149 tunridurn
582 2101 654 2150 hocce
669 2103 748 2151 atrimal
769 2101 828 2149 haud
849 2101 939 2151 obscure
956 2115 968 2149 a
983 2101 1019 2147 du-

203 2165 314 2229 fettiuuu,
330 2166 410 2221 borniuu
420 2166 516 2222 percuti,
529 2176 551 2209 et
559 2168 653 2222 perdito,
669 2167 691 2214 b.
699 2183 719 2214 e.
731 2165 856 2221 haeretico,
873 2177 896 2212 et
906 2165 982 2220 luxus,
994 2178 1020 2208 ac

209 2230 316 2278 sederunt
332 2227 457 2290 pleniffruro
473 2225 535 2281 uiro,
553 2225 671 2283 distinqui,
692 2240 717 2273 nt
744 2241 772 2273 eu
793 2226 850 2273 vers.
872 2225 1021 2288 praecedente

211 2294 295 2341 enitet:
313 2307 358 2340 uon
374 2291 417 2339 aeft
433 2290 538 2353 rupe-rbus
554 2288 589 2335 ite
610 2289 721 2352 ibrurruur
742 2292 770 2334 t'ir
787 2304 801 2334 u
822 2287 882 2334 uitiis
899 2285 1019 2334 necessario

212 2357 266 2404 effer
282 2356 397 2415 inunuuis,
415 2365 534 2412 econtra,
551 2353 622 2400 nuibrs
639 2351 698 2400 forte
714 2350 797 2399 euirnie
816 2350 847 2397 fic
863 2349 932 2398 ditius
952 2349 1018 2397 Anti-

212 2419 306 2468 christus
332 2420 373 2467 fnit
393 2420 450 2467 inter
471 2420 557 2481 Papus,
572 2417 621 2480 qui
648 2432 693 2465 non
707 2414 779 2462 >simui
800 2411 931 2472 sceleratus,
943 2412 979 2461 sed
997 2425 1021 2460 ut

210 2485 288 2552 primo
302 2499 368 2533 verus
384 2487 430 2548 ejus
446 2482 559 2534 tharatter
574 2481 599 2531 iu
619 2481 692 2532 lucent
702 2478 884 2543 produceretur,
901 2476 956 2528 dein
968 2488 1019 2551 tutu

947 2553 1019 2604 putu,
