2173 2960
407 157 515 206 [ri-auaui
532 155 650 204 Generalis.
897 156 927 216 63

351 275 419 322 lllti'a
440 276 544 324 Periodus
564 273 597 321 est
617 275 713 332 Litium,
739 273 886 322 Seliismatum
905 282 930 319 et

125 341 269 401 Haeresium,
290 339 349 388 salua
369 350 444 386 tamen
459 338 617 387 siiiidamentali
634 338 737 387 Veritate
753 337 820 400 aisque
835 337 861 383 ad
877 338 928 383 Sec.

125 407 181 466 ΧΠ,
195 420 289 470 quacum
312 402 459 463 comparanda
480 402 512 449 cst
528 401 633 449 Periodus
647 404 685 450 lV
701 413 723 448 ct
739 402 762 450 11
779 401 878 457 interna,
898 399 928 446 ita

123 484 213 528 tamen,
234 482 258 515 ut
274 481 324 529 pais
340 466 400 514 Vtae
414 480 503 528 quoque
518 463 602 513 incidat
617 464 640 513 in
655 464 774 513 Periedum
790 463 928 526 sequentem.

123 535 183 583 tha
203 531 310 580 Periodus
329 528 416 576 interna
437 529 463 575 ab
479 529 545 576 alteia
566 541 629 592 parte
649 528 799 592 repraesentat
818 525 930 575 Ecclesiae

121 599 219 646 laborem
234 595 256 643 in
273 593 409 642 Veritatibus
424 593 580 641 confirmandis
594 593 672 640 mediis
685 592 724 641 illis
739 590 763 639 in
779 590 864 649 litilius5
891 588 931 637 sed

124 662 151 709 ab
162 660 228 706 altera
238 657 358 716 indicatur,
380 657 438 718 uiam
455 656 499 705 elle
513 656 603 705 stratam
623 657 650 704 ad
667 657 838 719 Corruptionem
849 665 871 701 et
888 654 929 701 Su·

124 721 290 786 perstitionem‚
307 720 403 769 Ecclesia
414 721 561 779 connivente,
578 732 600 767 et
610 719 719 783 profunda
725 722 818 769 Satanae
828 717 929 767 nonduin

84 785 86 788 ’
123 786 290 849 cognoscente,
316 784 371 833 sicut
387 784 410 833 in
426 783 513 833 Litibua
530 783 689 833 Ecclesiasticis
706 785 781 848 pasllm
797 782 929 845 contingere

123 850 190 910 solet,
210 850 263 897 Deo
277 847 369 897 interim
384 847 473 911 Judiciis
488 847 531 897 suis
551 864 590 896 eos
610 847 753 912 persequente
773 859 796 896 et
817 847 843 895 ad
864 846 928 895 Resi-

124 913 253 979 piscentiam
264 924 386 962 reuocante
395 927 435 975 per
446 914 558 961 Barbaros.
592 913 682 959 Praeter
688 911 766 960 Casum
776 927 830 976 eigo
840 910 928 960 Periodi

125 975 337 1036 cha-aneilsticmn,
355 975 400 1024 duo
411 975 444 1022 alii
454 975 477 1022 in
493 976 551 1024 illam
567 975 678 1035 incidunt,
695 977 748 1023 alter
765 975 931 1038 Stiperllitionis

124 1053 147 1090 et
162 1039 314 1104 corruptionis
327 1037 466 1103 progressus,
487 1039 567 1102 absque
581 1052 606 1087 ut
620 1040 731 1103 profunda
745 1039 781 1087 illa
796 1040 890 1087 Satanae
905 1038 930 1085 in

124 1105 201 1154 oculos
214 1105 366 1163 incurrerent;
392 1102 446 1150 alter
467 1101 500 1150 est
515 1101 627 1166 Judicium
643 1103 754 1153 Divinum
768 1102 790 1149 in
806 1103 930 1150 Romanos.

125 1168 170 1216 Sed
184 1167 289 1218 Periodus
304 1167 353 1216 Vta
367 1166 465 1225 interna,
481 1181 537 1230 quae
551 1167 632 1231 partini
647 1181 736 1231 quoque
750 1165 773 1213 in
790 1165 847 1214 hanc
857 1165 931 1215 Petin-

125 1232 179 1280 dum
200 1244 313 1280 externam
329 1229 420 1291 incidit,
445 1229 567 1278 Ecclesiam
588 1230 676 1279 exliibet
696 1231 736 1278 sub
758 1241 850 1278 externa
870 1229 931 1278 uitae

124 1294 198 1360 specie
212 1293 336 1354 mortuam,
357 1294 399 1357 piis
413 1305 487 1343 autem
503 1293 603 1343 nondum
620 1295 647 1343 ab
662 1310 688 1343 ea
704 1294 827 1358 Separatis,
848 1293 886 1342 sed
901 1293 932 1342 la·

97 1396 102 1410 a
126 1359 237 1420 tentibus,
254 1358 353 1407 nondum
368 1358 412 1406 elle
427 1357 524 1406 Ecclesia
540 1373 595 1407 uera
609 1357 693 1408 desinit.

348 1423 411 1471 IVla
426 1421 530 1471 Periodus
545 1434 636 1470 externa
651 1423 684 1471 est
699 1421 800 1470 Dominii
811 1420 895 1470 Bestiae
906 1420 933 1470 fi-

126 1486 185 1534 deles
200 1486 311 1534 ueitantis:
328 1484 350 1533 in
360 1501 426 1549 quam
440 1484 517 1534 incidit
527 1501 577 1547 pais
592 1486 669 1535 ultima
685 1486 775 1535 Periodi
786 1486 811 1534 V
820 1485 934 1545 internae,

126 1561 149 1597 et
164 1565 215 1612 pais
228 1550 300 1612 prima
315 1548 404 1599 Periodi
419 1549 499 1613 Vltae.
534 1550 593 1599 Vlta
604 1549 663 1613 enini
675 1550 780 1599 Petiodus
794 1548 880 1598 interna
888 1552 934 1612 pri·

126 1630 158 1661 mo
169 1613 289 1661 Ecclesiam
300 1613 410 1662 veriorem
419 1612 570 1677 repraesentat
579 1614 856 1679 separatamadepiavata,
868 1628 934 1676 quam

127 1676 222 1738 adpellat
237 1678 379 1740 Synagogam
395 1678 500 1725 Satanae:
522 1678 616 1724 Secundo
635 1677 746 1724 Ecclefiae
761 1692 827 1726 verae
841 1691 933 1738 operam

126 1738 148 1784 in
164 1739 303 1785 reformanda
324 1738 421 1784 Ecclesia
435 1737 546 1783 recenset:
574 1739 641 1784 Unde
661 1742 725 1785 tollo
738 1740 803 1786 lucta
819 1736 931 1786 Ecclesiae

128 1814 195 1848 uerae
210 1807 261 1847 cuin
282 1809 399 1862 corrupta,
427 1811 448 1846 ei
469 1797 612 1859 afflictiones,
638 1800 717 1864 sponte
736 1801 774 1849 sua
791 1801 931 1864 colliguntur.

129 1863 193 1928 Quae
209 1862 365 1910 Characlerem
381 1861 492 1911 Ecclesiae
507 1861 624 1912 absolvunt
644 1863 749 1912 internae·
765 1865 792 1914 ad
808 1864 931 1914 Reforma-

131 1928 218 1976 tionem
231 1925 278 1989 jaim
293 1924 418 1975 stabilitam.
481 1974 482 1977 ,
664 1951 666 1953 >

247 2000 249 2003 ·
355 1990 406 2038 Vra
431 1987 463 2037 est
483 1990 594 2039 Ecclefiae
614 1990 641 2039 ab
662 1989 804 2040 Anticlirillo
826 1992 847 2040 se
867 1988 939 2054 magis

128 2050 260 2118 separantis,
277 2069 328 2101 cuni
342 2052 399 2100 illius
414 2052 522 2113 dominii,
539 2069 585 2102 non
600 2054 647 2102 sine
657 2056 722 2118 gravi
731 2055 803 2115 loeta,
820 2055 936 2106 dellrudli-

131 2133 183 2167 one.
217 2120 243 2167 In
263 2117 322 2165 illam
337 2115 445 2166 convenit
460 2133 509 2181 pars
529 2117 608 2165 ultima
622 2119 712 2167 Periodi
727 2120 764 2168 Vl
780 2120 892 2180 internae,
915 2133 938 2170 et

130 2182 236 2232 Periodus
250 2183 300 2231 ·Vll
315 2180 414 2229 interna:
443 2181 497 2230 haec
513 2182 623 2231 Ecclesiae
639 2183 793 2233 conditionem
814 2184 938 2244 internam,

131 2262 188 2307 quae
202 2245 226 2295 in
240 2245 299 2293 illam
314 2258 430 2295 externam
445 2244 538 2304 incidit,
563 2245 730 2310 compleftitum
758 2248 848 2312 ejusque
864 2265 876 2297 a
891 2249 940 2298 zelo

132 2309 284 2379 remissionem
300 2310 329 2357 ob
340 2311 419 2358 oculos
435 2309 511 2372 ponit:
533 2313 590 2373 quae
605 2310 666 2358 causa
683 2322 729 2359 erat
749 2315 871 2360 retardatae
890 2314 939 2363 sub·

131 2371 251 2430 Jtigationis
276 2374 388 2422 Ecclesiae
412 2372 606 2422 Anticlirislianae.
649 2373 696 2421 Ubi
723 2378 859 2435 notandum,
885 2377 940 2424 ficut

135 2431 332 2492 Propagatiouem
345 2435 462 2501 Euangelii
491 2437 515 2487 in
531 2436 603 2549 limo
628 2436 788 2488 Christianismi
822 2439 940 2551 interffipit

569 2515 586 2561 4
907 2517 939 2550 ra-
