2173 2960
151 191 180 242 [με
379 174 478 224 Methodi
491 173 628 246 Prophetiam
643 171 700 224 Part
716 178 738 228 Ι.

150 308 223 344 tarum
235 292 377 342 distinctione
388 305 410 341 et
420 292 566 341 aemulatione
577 292 670 353 sublata,
687 300 757 343 unum
773 293 882 360 Populum
899 296 964 357 fore³¹¹

152 373 174 408 et
191 375 273 406 omues
289 357 312 406 iu
334 374 400 406 unam
422 358 556 405 docietatein
573 357 686 406 politicam
703 373 725 406 et
741 360 876 424 ileligiolam
897 365 964 410 coali-

150 437 213 472 turus
231 423 287 471 elle:
306 423 361 471 viu.
384 422 467 470 Erech.
485 423 607 470 KXKVU.
628 438 656 482 15
668 423 726 487 supp.
744 426 815 474 Mich.
833 427 863 473 H:
884 440 920 474 12.
939 438 963 472 et

152 486 243 551 egregie
265 488 335 549 Zsplr.
361 487 403 533 lll:
423 503 460 545 ιο,
485 501 522 535 rr,
544 488 594 535 loco
610 489 711 546 notabili,
732 488 806 551 paucis
827 487 959 537 illustrando.

153 554 232 600 Verbo
249 553 278 598 ita
296 552 391 599 hahent:
410 562 458 598 tunt
475 554 529 597 enirn
545 563 626 599 ruitum
643 554 672 598 ad
686 555 768 613 populos
780 556 859 602 ludium
872 567 962 616 puniat,

154 634 192 682 qim
209 631 277 662 ortium
295 617 392 663 inaurem:
404 632 476 662 trorum
487 614 597 672 dulmine,
614 615 691 676 ipfipue
702 616 800 679 seranum
812 621 894 666 hamno
910 630 962 664 trun:-

154 677 237 729 airuns
243 677 325 741 fluuios
340 678 468 741 Cusahitidis
474 678 582 741 supplices
594 682 647 736 rani,
655 679 708 740 filjo
719 679 855 744 (dispersorum
871 697 961 734 littorum

153 744 252 805 adferent
274 757 441 791 arundinetum
482 741 545 807 Quae
565 742 607 789 hac
621 743 746 804 paraphtali
767 745 872 792 illustrare
892 747 962 801 liceat.

154 807 222 865 Diui,
235 822 288 863 tros,
306 822 320 850 o
335 807 366 868 pii
378 808 406 853 de
421 806 505 868 populo
522 807 584 852 meo!
602 805 766 868 exsp-eddanum
782 808 826 855 cll'e
836 809 909 856 donec
919 810 965 856 dics

152 869 258 936 generalis
273 869 350 933 judicii
367 871 412 917 mei
428 870 548 927 adluxerit3
569 884 611 916 nec
626 868 706 916 frustra
721 869 744 916 id
760 870 824 929 diui3
847 887 897 919 naur
912 872 964 934 post

151 935 204 988 illud
223 933 332 997 judicium
358 933 451 981 laetiora
477 934 540 981 vohis
566 932 709 996 adfulgehunt
737 945 855 997 ternpora,
887 937 966 998 quibus

153 1002 225 1049 cultus
241 1013 304 1046 meus
319 997 342 1045 iu
354 1009 403 1044 toto
414 998 499 1060 populo
514 997 611 1060 primum
623 996 789 1059 instaurabitur,
800 999 881 1046 faciam>
890 1000 963 1057 enim,

155 1077 180 1112 ut
196 1060 275 1127 populi
290 1076 350 1110 nunc
367 1060 443 1120 diviti,
459 1072 482 1107 et
498 1061 588 1123 impuris
605 1061 663 1108 labiis
674 1062 780 1123 praediti,
796 1064 875 1110 ludium
887 1063 965 1112 conse
1034 1072 1035 1076 ’

155 1139 251 1192 quantur
267 1141 331 1173 riuum
352 1137 374 1172 et
387 1138 477 1187 pirrum,
499 1141 544 1188 quo
564 1140 649 1173 nomen
671 1140 746 1174 meum
768 1127 833 1175 uiritis
849 1126 924 1175 animis
940 1138 964 1174 et
1033 1136 1034 1139 ’

154 1192 248 1240 vocibus
263 1189 315 1237 sunt
324 1189 462 1247 invocaturi,
484 1188 581 1251 mihique
597 1203 642 1235 uno
659 1187 754 1237 humero
776 1190 882 1240 servituri.
917 1189 965 1239 mu

155 1256 216 1305 enim
233 1253 306 1301 diffitis
326 1253 349 1301 in
364 1254 419 1303 locis
439 1252 503 1299 multi
518 1252 561 1300 sint
576 1252 685 1309 mansuri,
702 1252 730 1300 illi
745 1254 886 1303 nihilominus
903 1255 970 1303 unio·

155 1335 209 1369 nem
230 1318 280 1366 lunt
300 1315 473 1371 demonstraturi
494 1317 628 1365 animorum.
663 1315 710 1379 Qui
730 1320 790 1366 enim
807 1332 866 1366 trans
882 1320 966 1368 fluuios

157 1382 238 1433 Cuschi
253 1382 304 1430 sunt
315 1381 423 1430 uersaturi
438 1381 461 1427 iu
472 1381 600 1443 AEgypm,
613 1393 635 1428 et
646 1380 734 1443 raupta
750 1381 788 1429 seu
800 1384 966 1447 Transeuphra-

156 1447 253 1496 censibus
273 1445 399 1508 regionibus
422 1445 462 1510 (de
482 1443 513 1490 his
534 1444 594 1491 enim
613 1444 712 1507 cogitare
727 1446 792 1493 etiam
814 1448 878 1506 licet,
894 1446 967 1509 phrast

157 1508 315 1576 permittente,
328 1525 392 1568 cum,
404 1508 464 1570 quod
475 1507 598 1571 Euphrates
610 1509 727 1566 Arabiam,
743 1508 781 1556 seu
793 1510 876 1569 Cusch‚
893 1510 969 1558 terrui-¹

159 1587 213 1634 net,
224 1585 287 1633 tum,
299 1573 337 1621 uhi
347 1572 370 1619 se
380 1573 481 1620 infinum
492 1571 603 1619 Persicum
614 1582 733 1629 exonerat,
745 1575 817 1621 alueus
828 1573 919 1631 dicitur,
932 1575 970 1638 qui

157 1638 227 1687 adluit
242 1650 326 1684 terram
343 1636 415 1684 Cusch
432 1635 490 1682 Gen.
510 1633 551 1698 il.)
563 1650 657 1682 munera
667 1636 768 1682 delerent
778 1636 970 1700 Hierosolymam,

156 1716 239 1765 meque
262 1700 344 1748 colent.
380 1699 490 1746 Cohaeret
509 1698 617 1757 Pericopa
635 1714 686 1745 cum
707 1698 770 1747 initio
785 1701 842 1749 uerl'.
863 1704 915 1759 orzi,
932 1703 970 1750 ubi

157 1765 245 1813 dinerat
266 1764 330 1811 Deus
351 1761 471 1826 raspaclate
492 1773 542 1805 me:
570 1759 630 1820 quod
646 1761 781 1806 beneficium
797 1778 809 1807 a
824 1765 877 1809 Deo
892 1777 966 1825 praes·

155 1828 250 1881 tandum
269 1826 423 1881 involvebas
435 1823 498 1885 cujus
514 1822 550 1868 hic
565 1820 675 1869 rationem
690 1822 764 1870 reddit
779 1825 927 1874 urbanorum
942 1827 969 1875 il·

158 1894 233 1940 lorum
254 1889 381 1951 catalogum
403 1886 465 1934 texit.
502 1885 635 1946 Interpretes
656 1885 684 1932 de
702 1886 808 1934 Gentium
824 1891 973 1939 conversione

159 1955 200 2004 sub
217 1951 341 2014 Euangelio
351 1948 490 2013 interpretari
500 1948 582 2005 solent,
598 1947 636 1996 led
647 1948 718 1997 obstat
736 1967 755 2000 1.
768 1952 827 2014 quod
843 1953 919 2004 Ulpi]
933 1954 971 2002 hic

160 2018 312 2081 adpellentur,
335 2027 358 2061 er
378 2014 434 2062 vers.
460 2029 483 2072 9.
505 2014 567 2063 Ulli
589 2010 669 2060 indicio
695 2013 747 2063 alios
767 2015 804 2063 hic
823 2015 926 2080 intelligi,
943 2035 970 2067 ac

160 2081 219 2131 vers.
240 2095 263 2141 9.
298 2092 320 2126 2.
347 2077 427 2142 Populi
446 2077 543 2123 absolute
564 2088 672 2126 vocentur
695 2078 741 2124 sine
761 2080 805 2126 ullo
826 2080 900 2129 addito
920 2084 970 2146 epi-

161 2147 240 2203 theto,
267 2142 329 2191 secus
355 2158 381 2189 ac
403 2139 458 2188 vers.
488 2153 525 2186 ao.
547 2139 589 2187 uhi
617 2140 688 2200 populi
709 2150 777 2188 terr-aa
807 2157 970 2194 memorantur»

163 2206 185 2272 3.
201 2208 281 2272 Populi
297 2206 352 2264 sint,
369 2208 406 2271 qui
421 2216 484 2252 antea
505 2202 582 2251 Deum
600 2216 677 2260 uerum
693 2202 781 2265 quidem
795 2206 969 2268 inuocauerunt,

160 2274 199 2324 sed
215 2276 271 2322 iahia
287 2274 359 2333 inpuro
381 2284 404 2318 et
424 2268 501 2316 animis
516 2267 609 2324 diuisrs5
630 2266 667 2329 qui
686 2266 738 2314 illud
753 2270 774 2316 in
790 2268 904 2333 posterum
920 2274 968 2320 uni·

159 2341 203 2388 tius
229 2350 252 2385 et
278 2335 353 2399 purius
384 2335 503 2382 facerent:
536 2331 595 2395 quod
625 2329 648 2377 in
676 2330 760 2379 Gentes
790 2349 837 2380 non
869 2336 967 2398 quadrat.

157 2421 180 2465 4.
201 2404 258 2451 Cum
275 2402 297 2448 in
313 2399 356 2464 seq.
374 2399 402 2447 de
419 2398 556 2461 Judaeoruin
571 2393 725 2444 instauratione
742 2407 830 2460 agatur,
847 2414 902 2461 quae
918 2401 969 2462 post

156 2468 247 2519 exilitun
264 2462 372 2528 inciperet
387 2460 561 2526 Babylonicum,
579 2471 603 2509 ut
624 2473 652 2508 eu
668 2459 754 2509 cunulis
773 2459 833 2510 istius
852 2464 972 2535 pericopae

907 2538 974 2587 paru·¹
