2173 2960
472 195 573 252 Per-'iulus
594 202 615 249 s.
918 206 947 255 Π

143 323 297 371 Clraraslerein
319 319 372 367 nihil
383 310 497 382 praetulit
517 319 640 384 peculiare3
653 318 700 370 *sed
721 317 811 366 interior
832 317 875 365 tale
896 310 949 379 quid

141 388 226 436 hahuit:
245 401 298 446 ergo
310 384 374 447 hujus
384 384 449 431 faciei
459 384 588 431 statuendae
600 383 695 431 Periodi.
731 382 848 431 Charasler
874 392 950 443 noque

143 452 256 499 exterioris
272 448 347 506 saeiei,
364 448 497 510 Propagatio
513 447 556 499 scil.
569 446 693 509 Ecclesiae,
711 445 795 495 censeri
810 457 863 508 pote
894 458 949 489 con-

141 516 246 570 tinuall'e,
261 513 312 575 lieet
327 510 398 557 miuus
414 511 482 557 suerit
497 510 594 565 seriens.
629 512 690 572 Ergo
706 509 812 573 quamdiu
826 508 889 556 durat
905 506 949 568 Eu-

141 579 223 642 angelii
233 574 378 637 Propagado,
391 587 413 621 et
424 590 469 622 riori
481 574 534 621 alius
546 574 664 622 Char-acler
675 573 720 633 cll,
732 574 769 638 qui
780 571 849 636 magis
861 569 884 616 in
897 584 950 615 ocu⁴

141 646 174 691 los
188 638 294 697 incurrit,
312 637 397 685 tamdiu
413 639 490 686 eadem
506 638 611 686 Periodus
628 637 736 686 censenda
757 638 789 685 esi
804 634 950 689 continuare3

140 707 193 754 licet
214 700 259 751 uiro
284 714 388 765 tempore
412 703 459 766 ejus
478 701 707 767 PeriodrCliaracler
726 702 797 766 inagis
823 696 951 755 elucescat,

142 784 209 833 quam
225 766 275 814 alio.

369 832 391 880 d.
408 829 512 879 Tandem
533 831 591 878 Not.
613 839 661 877 rem
681 828 712 878 ita
732 830 876 893 digerendam
891 826 949 886 ell'e,

141 907 166 944 ut
182 895 293 944 Ecclesiae
307 895 410 944 fundatio
424 895 537 943 duraverit
552 894 580 943 ad
595 895 725 952 Neronem,
741 895 800 942 auide
811 892 900 958 coepit,
913 893 950 953 uel

142 959 242 1022 incipere
256 959 333 1006 debuit
342 959 487 1023 Propagatio,
505 958 542 1007 sed
553 974 609 1021 quae
624 973 664 1020 per
678 957 791 1005 reinissum
806 960 884 1006 Zelurrr
895 972 949 1019 pau-

141 1024 211 1073 lulum
225 1023 334 1072 retardata
354 1023 398 1071 est:
409 1026 502 1086 donec,
520 1038 547 1070 eo
569 1022 678 1080 resumto,
698 1022 799 1085 coeperit
819 1039 831 1070 a
846 1035 950 1083 ternpore

143 1087 248 1149 Trajani:
266 1099 288 1133 et
304 1086 374 1135 abeo
390 1085 482 1150 proprie
496 1085 629 1149 inceperunt
645 1101 733 1133 currere
747 1085 837 1133 Periorli
852 1083 949 1132 exterio-

141 1150 171 1200 ris
187 1149 314 1209 Ecclesrae3
330 1150 458 1214 quodcum
474 1149 610 1213 Apocalypsi
626 1149 734 1198 conuenit
749 1149 845 1212 egregie.

142 1247 143 1250 =
175 1214 196 1277 §.
212 1215 311 1275 XLVII.
365 1216 395 1263 ii.
417 1216 489 1277 Pergo
508 1214 536 1261 ad
557 1213 714 1275 Prophetieam
733 1212 903 1261 tractationem:
925 1211 950 1262 iri

141 1294 185 1341 qua
202 1281 294 1339 prinnini
308 1278 384 1325 locum
403 1278 485 1326 merito
500 1289 562 1325 terret
582 1276 741 1340 Apoealypsis,
763 1291 816 1324 cum
835 1276 870 1325 illa
890 1277 951 1324 Fatis

142 1341 254 1391 Ecclesiae
268 1342 301 1389 N.
314 1342 344 1390 T.
363 1341 498 1405 explicandis
514 1340 623 1389 destinata
638 1341 676 1388 srt:
694 1343 768 1388 deiitilr
788 1340 885 1404 reliquae
895 1344 949 1389 Pro-

141 1403 231 1469 phetiae
246 1406 278 1454 V.
290 1406 320 1453 T.
337 1406 500 1469 comparandae
513 1405 575 1453 sunt:
598 1417 619 1453 et
635 1407 721 1466 clarisque
738 1405 865 1454 Harmonia
881 1406 948 1453 Fato-

141 1484 192 1516 ium
209 1469 241 1518 V.
259 1481 281 1517 ei
297 1469 331 1518 N.
345 1470 375 1518 T.
391 1470 544 1534 subjungenda
559 1468 599 1519 eri.

368 1533 516 1597 Apocalypsis
531 1535 584 1582 Fata
598 1533 710 1583 Ecclesiae
719 1533 804 1583 >ordine
818 1535 950 1598 complesh'·

141 1608 189 1656 tur,
205 1607 253 1644 tum
268 1596 292 1647 iii
308 1597 378 1647 Libro
393 1599 442 1647 VII
458 1596 596 1661 Sigillorum,
612 1612 661 1647 turn
677 1599 701 1647 in
716 1598 821 1662 Epistolis
836 1600 900 1647 sensu
915 1600 948 1647 se-

140 1660 256 1710 cundario.
290 1663 372 1724 Sigilla
392 1662 419 1710 ad
435 1660 568 1711 exteriorem
588 1663 701 1719 Ecclesiae
721 1662 817 1722 faciem,
839 1662 949 1726 Epistulae

140 1725 169 1772 ad
187 1722 317 1772 interiorem
338 1724 459 1787 pertinent.
499 1726 623 1774 Videamus
643 1743 697 1788 ergo
717 1727 830 1788 deprimo
850 1727 946 1788 sigillo,

138 1785 199 1849 quod
215 1787 370 1833 characterem
385 1786 498 1832 Ecclesiae
512 1798 616 1832 externae
630 1789 823 1847 comprehendere
838 1789 910 1837 debet.

141 1893 142 1897 ,
367 1846 468 1895 Primum
484 1846 587 1911 Sigillum
601 1865 662 1896 inrue
681 1849 770 1897 Periorli
789 1849 947 1901 Charaderem

140 1909 241 1969 exhibet,
257 1910 362 1973 Equitem
376 1910 541 1974 repraesentans
556 1927 614 1975 equo
628 1913 677 1960 albo
692 1911 838 1974 insidentem,
855 1926 878 1962 et
893 1933 947 1964 arcu

139 1986 263 2032 atinatiurr5
284 1974 320 2023 cui
342 1977 431 2024 Corona
452 1974 571 2024 Vitioriae
590 1974 623 2023 esl
643 1977 705 2034 data,
727 1978 755 2025 ad
775 1976 946 2040 declarandum,

139 2038 201 2103 quod
215 2036 271 2085 exiit
284 2037 377 2088 uincens
391 2051 415 2086 et
429 2050 455 2087 ut
470 2038 585 2097 vinceret,
602 2042 656 2104 Cap.
668 2041 714 2090 Vl:
733 2056 755 2090 2.
791 2041 856 2107 Quae
866 2046 948 2105 veiha,

138 2113 161 2152 ri
176 2112 200 2148 ui
215 2104 319 2161 alitteris,
335 2103 474 2167 significarit,
491 2104 552 2166 quod
571 2102 702 2152 Victoriam
719 2104 811 2153 ulterius
829 2107 947 2171 perseque-

137 2178 212 2225 retur,
228 2177 251 2213 et
265 2180 314 2214 eam
328 2168 454 2229 perficeret.
488 2167 550 2215 Exiit
565 2168 639 2232 Eques
653 2167 704 2232 post
713 2169 823 2234 insignem
831 2172 879 2235 jam
890 2172 949 2221 Vic-

127 2229 235 2289 2r0riim3
252 2241 274 2276 et
289 2246 339 2278 eam
353 2233 420 2296 longe
435 2230 593 2281 excellentiore
609 2233 680 2280 adhuc
696 2232 791 2282 victoria
811 2236 947 2287 cumularet:

142 2296 331 2355 emensurarent,
353 2307 374 2345 et
394 2307 418 2344 ur
438 2299 539 2346 alinerra
574 2295 672 2344 Christus
688 2311 742 2359 ergo
758 2297 796 2345 hic
811 2299 909 2352 occurrii
924 2315 949 2358 ut

138 2356 179 2425 qui
194 2357 314 2406 Ecclesiam
328 2360 375 2423 jairi
390 2360 535 2422 fundaverat,
555 2359 678 2423 multosque
693 2359 734 2408 fibi
748 2362 887 2425 subjeceram
910 2365 946 2414 sed

140 2433 180 2478 qiu
194 2419 222 2465 de
236 2437 297 2469 novo
313 2423 336 2471 se
351 2423 480 2487 accingebat
495 2425 522 2473 ad
536 2424 652 2472 Mundum
668 2422 838 2488 subjugandum.
877 2429 944 2486 Alia,

141 2493 198 2544 quae
216 2482 244 2529 ad
265 2485 410 2542 Einblerriatis
428 2486 572 2600 intelleslurrlr<
584 2487 712 2550 pertinent,
733 2504 762 2543 ex
778 2492 810 2541 Cl.
828 2492 947 2553 Vitringae

588 2566 601 2614 3
820 2557 949 2606 Conseri,
