2173 2960
181 188 225 224 102
396 167 494 215 Mersedr‘
509 160 646 228 Prophetiam
663 165 718 214 Part
736 167 770 215 II.

180 290 248 352 dicati
269 288 322 338 sunt
343 299 383 349 per
403 282 490 333 scissum
512 285 577 332 Mare
598 284 759 344 transeuntem*
771 296 796 333 ut
812 283 927 348 AEgyptii
948 285 992 335 siut

181 355 242 418 aquis
267 349 379 401 suffocari.
419 348 509 396 Grande
535 348 578 395 hoc
600 350 680 396 Fatum
702 349 992 413 repraesentat‘Ecclesiam

183 417 329 467 Christianam
350 431 362 460 a
378 411 464 476 Judaeir
480 412 577 475 undique
593 413 712 472 obserszrm,
729 429 781 461 cnm
797 426 818 460 et
834 413 931 460 Romani
951 429 992 476 per

184 485 305 531 Neronem
326 476 445 526 Ecclesiam
462 476 605 536 infestarent,
633 478 698 540 s'eque
715 478 740 535 ¹ei
756 491 780 524 ut
801 479 867 524 Mare
889 471 993 523 Rubrum

187 549 323 610 objicerent,
340 558 385 603 quo
401 541 511 587 minusin
527 542 631 588 Romano
647 541 742 603 imperio
760 542 846 588 daretur·
862 542 922 588 sotus
932 540 991 586 resu-

186 611 231 676 gii:
249 625 277 656 ex
293 606 371 669 quibus
386 603 492 664 angustiis
509 603 617 651 uindicata
633 604 677 660 est,
696 617 744 651 tum
759 620 799 666 per
810 604 896 653 scissum
908 605 992 651 Roma·

187 690 244 722 num
259 668 389 733 imperitum
418 679 466 713 rum
482 682 522 729 per
537 667 651 729 ingentem
667 667 801 729 Judaeorum
817 668 902 715 cladem
918 684 930 714 a
946 669 993 715 Ro-

185 737 263 784 manis.
298 733 441 793 Exequamur
457 730 516 791 haee
529 742 630 789 accurate
646 744 688 791 per
703 743 783 793 parter.
806 730 910 795 AEgyprii
926 732 993 779 Israe-

184 803 232 849 litas
248 796 388 858 insequentes
406 792 532 855 erpingunt
547 793 671 841 incredulos
687 807 712 840 et,
726 789 823 853 carnales
839 796 934 857 Judaeos
949 797 993 843 Ec-

185 862 272 911 csefiam
290 856 370 906 Christi
385 856 465 904 ultimo
481 858 599 905 conamine
614 856 726 903 destruere
741 865 847 915 conatos'3
864 859 919 905 sieut
929 855 995 920 pauso

185 938 238 975 ante
259 919 436 972 destrueiionem
463 920 633 984 Hierosolymue
650 920 822 981 insurrexerunt
842 921 864 969 in
886 921 996 982 Jacobum

153 1010 154 1013 ¹
187 988 337 1054 Apostolum,
354 996 377 1030 et
393 983 482 1045 reliquis
498 985 591 1032 exitium
601 984 783 1047 'quoquemin'ati
793 984 849 1046 sunt.
884 985 927 1032 Sed
938 983 996 1032 aliud

185 1066 246 1112 erat,
262 1050 323 1115 quod
338 1048 384 1095 iilos
400 1048 515 1109 premebat
530 1049 609 1111 magis:
627 1063 680 1095 cum
696 1065 714 1095 a-
724 1048 813 1111 Judaeis
828 1047 903 1097 uexati
912 1048 934 1095 in
946 1044 995 1096 Ro·

185 1134 253 1167 muno
270 1111 369 1177 Imperio
385 1110 428 1180 laud
439 1110 507 1174 usque
518 1111 637 1160 habuissent
647 1112 791 1175 profugium,
808 1112 911 1175 idemque
922 1111 945 1159 id
956 1110 995 1159 sibi

185 1184 209 1230 in
224 1178 340 1245 posterum
355 1186 600 1240 prornrtterent,-2eece
610 1174 675 1236 idem
686 1176 718 1223 iid
734 1177 857 1240 imperium
871 1177 899 1223 in
911 1190 948 1222 eos
963 1174 996 1222 in·

188 1245 272 1309 surgit,
298 1254 320 1289 et
335 1251 360 1304 ut
375 1240 442 1286 Mare
457 1238 545 1302 aliquod
560 1240 582 1286 se
593 1239 706 1287 Ecclesiae
722 1240 811 1302 objicit,
837 1239 997 1303 impediturum

189 1310 238 1372 ejus
253 1303 450 1371 propagationem
465 1301 513 1350 imo
529 1302 588 1350 islam
605 1303 766 1366 absorpturum.
801 1306 869 1351 Mare
876 1318 934 1366 ergo
947 1304 997 1350 Ru

189 1375 255 1423 hrum
271 1371 294 1418 in
316 1370 356 1415 liae
377 1367 676 1430 contemplationeexpingit
692 1368 763 1427 Rom.
780 1366 904 1429 Imperium
919 1366 997 1413 Ecde-

188 1437 232 1485 stae
242 1432 361 1489 infestum,
374 1442 397 1477 et
407 1431 498 1478 totalem
509 1430 530 1477 ei
540 1430 643 1478 minitans
653 1433 751 1489 ruinam3
768 1431 827 1494 quod
837 1447 889 1478 cum
899 1429 999 1494 primum

188 1499 309 1548 tentaverit
320 1497 399 1552 Nero,
415 1494 441 1540 N
443 1494 570 1541 erorrianam
580 1494 721 1542 uexationem
732 1494 789 1552 haud
798 1494 912 1542 immerito
923 1493 997 1541 cense-

189 1580 239 1612 mus
254 1577 295 1625 per
305 1559 357 1607 iilud
367 1560 435 1605 Mare
444 1558 488 1604 ess'e
498 1557 616 1620 expiatam.
650 1556 737 1618 Utique
748 1556 867 1618 imperium
878 1560 946 1605 Rom.
959 1556 999 1603 sub

189 1629 287 1676 Nerone
307 1624 432 1672 merebatur
452 1620 554 1683 inprimis
570 1619 673 1683 'appellari
693 1621 760 1666 Mare
775 1617 899 1680 Rubr·um,‘
911 1632 960 1670 tum
975 1619 1000 1665 in

189 1705 273 1754 genere
295 1689 324 1734 ob
347 1684 458 1732 infinitam
479 1684 589 1745 sanguinis
610 1683 698 1744 copiam
718 1682 757 1730 sub
776 1684 872 1730 Nerone
885 1680 999 1739 effusam}

188 1769 238 1802 tum
254 1752 277 1800 in
293 1747 368 1813 specie
382 1747 461 1810 partim
477 1745 580 1808 respediu
597 1745 784 1802 Christianorum,
801 1760 896 1808 quorum
912 1744 1000 1807 sanguiss

188 1835 217 1867 ne
232 1818 324 1864 rubrum
340 1823 399 1866 erut;
416 1808 496 1873 partim
513 1809 659 1872 Judaeorum'.v
689 1807 750 1856 Sicut
770 1810 838 1857 Mure
859 1809 999 1871 AEgyptum

185 1883 301 1935 tuebatur,
321 1876 352 1923 ita
373 1876 442 1922 Rom.
460 1871 583 1933 imperium
604 1871 739 1935 Judaeorum
756 1872 808 1920 odio
823 1871 846 1919 in
863 1871 1002 1920 Christianos

188 1959 211 1992 et
232 1944 265 1991 sni
288 1937 401 2002 sanguinis
423 1935 540 1985 Christiani
558 1936 713 1992 succurrebat,
735 1951 760 1983 ae
775 1949 852 1983 manus
865 1935 928 1999 quasi
944 1949 999 1982 con·

188 2008 365 2070 jungebat-cum
382 2000 469 2062 Judaeis
486 2000 510 2047 in
523 1999 678 2063 oppugnandis
690 1998 823 2047 Christianis.
853 1993 927 2046 *Porro
943 1997 1001 2045 'sicut

190 2070 259 2118 Mate
275 2065 396 2112 conabatur
409 2077 483 2107 arcere
494 2065 520 2109 ab
537 2062 671 2109 haereditate
687 2065 826 2119 Canariaeae,
843 2074 866 2109 et
881 2060 1000 2110 intdrcide·

189 2135 228 2183 bat
243 2132 286 2179 iter
302 2141 392 2181 eorum,
410 2124 439 2170 sic
454 2125 610 2170 Romanorum
625 2125 762 2171 vexationen
775 2126 863 2172 cursum
884 2125 1001 2187 Euangelii

191 2194 300 2259 impedire
320 2189 463 2238 conabamur,
499 2185 541 2247 Sed
563 2200 646 2232 onrrresv
661 2185 690 2231 illi
711 2199 802 2233 conatus
818 2188 910 2235 suerunt
926 2187 1000 2234 irriti:

189 2264 260 2325 quum
270 2255 366 2319 Populus
376 2249 461 2299 ssraesis
471 2248 525 2295 esset
536 2249 673 2311 desperatur,
686 2248 741 2295 sieut
752 2249 817 2311 primi
827 2249 918 2297 suerunt
928 2247 1001 2296 Chris·

191 2324 259 2381 tiam,
276 2321 419 2368 uehementer
429 2313 536 2378 pereuni,
553 2328 606 2360 eum
619 2313 734 2359 Romanos
750 2313 812 2359 omni
828 2313 852 2360 ui
868 2322 962 2360 armatos
978 2311 1001 2359 in

190 2390 214 2440 se
231 2386 332 2436 uiderent
347 2378 495 2441 insurgentem
513 2377 577 2424 Deua
592 2377 699 2423 miraculo
715 2375 848 2432 intercessit3
870 2377 935 2423 Mare
952 2376 1000 2422 Ru·

189 2456 255 2504 brum
275 2445 392 2503 scinditur,
414 2445 444 2491 itu
464 2454 489 2489 ut
506 2440 571 2490 siae]
588 2441 655 2488 Mare
670 2439 776 2505 ingredia
791 2441 880 2505 piamun
901 2440 1001 2487 lrahuerir

918 2517 1004 2551 emtum
