2173 2960
359 150 459 201 Paratus
478 149 533 201 VII.
549 159 570 199 tt
586 148 611 197 de
626 148 689 198 Fatis
705 149 752 205 &a
932 163 963 212 35

151 284 175 321 ut
195 272 217 320 in
238 270 335 321 Historia
355 270 453 319 traditur.
499 269 553 320 th.
582 270 711 332 Commeat.
740 268 814 316 noller
839 271 866 320 ad
893 271 953 321 Gen.

150 339 235 385 XLIX:
255 354 292 385 10.
309 335 418 398 Quartum
430 334 560 382 beneficium
579 331 652 397 capite
663 334 726 382 IVto
737 332 829 380 Midiae
845 351 954 384 memora-

149 413 197 450 tum
212 401 244 449 est
259 400 352 448 Meffiae
373 410 477 461 tanquam
498 399 545 452 veri
566 396 662 445 Domini
688 412 714 445 ac
731 396 800 459 Regis
821 399 897 460 populi
918 415 953 447 ot-

149 477 196 524 tus,
212 479 318 519 unacum
330 461 521 525 signotcmporis,
537 461 575 508 seu
586 459 730 523 posteaquam
746 460 841 523 pupulus
858 473 953 511 atumta

149 529 257 577 latronum
278 525 351 573 suisset
370 523 457 573 invasus
479 537 501 571 et
523 524 582 571 arsia
597 524 691 571 inclusus
707 523 823 584 custodia,
845 525 957 573 Reciotcs

151 605 237 655 quoque
253 602 275 635 ct
295 589 382 651 ludices
399 587 544 651 ignominiose
563 587 775 636 fuissent-'tradant
797 589 853 637 vers.
873 605 910 649 14.
934 601 957 637 et

149 657 182 711 ll:
198 670 217 701 t.
234 652 424 711 Statusadrlidtus9
441 653 477 714 qui
488 653 649 716 praemittitur,
661 651 716 698 srcut
733 664 755 699 ct
765 652 876 716 superiora
889 654 956 700 bene·

149 719 207 774 sicia
220 715 270 778 poll
292 717 346 764 tnala
366 717 518 763 antecedentia
534 715 579 763 cll'e
596 715 793 778 repraesentanda,
816 717 956 780 praedixerat

148 781 272 843 Propheta,
290 779 373 827 etcum
389 780 444 833 nna
459 776 652 843 itttucinceperat3
674 779 725 827 situs
741 779 773 826 cll
792 780 890 829 innova
911 781 956 828 sete

121 890 122 893 ,
147 845 231 902 nitate,
253 843 352 906 inquam
363 843 485 892 inciderent
496 843 574 906 Judaci
590 843 657 906 paulo
674 847 728 890 ante
749 843 871 892 aduentum
888 846 976 893 Mes-³.

149 909 191 956 stac
207 924 225 955 c.
239 923 261 954 tt.
281 924 301 956 r.
318 907 463 970 descriptum,
486 907 519 954 lais
535 907 610 954 verbis
626 906 726 969 expressa
747 907 803 955 vers.
819 922 855 967 14.
890 911 955 957 Nuria

148 974 259 1028 attrutinat
270 973 369 1030 irritatius,
386 972 422 1019 uel
433 973 519 1018 lnt’ntlel
529 972 581 1018 attilii
594 974 614 1034 (ἱ
625 971 684 1018 enim
695 969 717 1017 in
728 973 826 1022 *inauri
843 987 895 1018 cum
907 988 954 1019 em·

148 1037 221 1099 phau,
238 1047 262 1082 ut
273 1034 340 1082 modo
351 1035 374 1083 in
390 1035 496 1086 ’ΜἿΠΠ
514 1045 535 1081 et
551 1033 616 1092 alibi,
633 1032 689 1081 sicut
703 1035 753 1096 Lat.
770 1038 822 1082 tullii
834 1035 956 1099 abundat.)

146 1100 202 1163 filia·
214 1099 296 1146 itu-utut
312 1096 346 1164 (lt.
364 1113 384 1146 e.
401 1097 568 1161 globus-aliquis
584 1096 643 1162 quast
659 1097 772 1147 latronum
797 1098 903 1160 globatim
923 1099 956 1147 in-

130 1163 227 1211 ¹vadet:
254 1177 310 1225 quae
335 1161 367 1208 eli
388 1160 466 1209 radicis
486 1162 536 1212 ru
557 1161 699 1226 fignificatio)
728 1163 867 1210 tttttaitioaeut
883 1162 956 1225 priserit

147 1238 220 1275 taratra
236 1243 285 1284 aaut,
314 1225 503 1291 (Hierosolymam
520 1226 641 1274 obsidendo
664 1236 686 1272 et
706 1225 841 1288 praesidinm
864 1227 958 1275 militare

148 1291 171 1338 in
191 1304 241 1339 arce
262 1291 312 1360 ejus
323 1290 442 1353 ponend03
464 1300 489 1337 ut
505 1288 604 1338 Romani
615 1288 654 1337 sub
670 1290 782 1353 Pompeio
798 1289 913 1348 fecerunt,
930 1303 955 1339 et

147 1370 199 1402 cum
210 1353 292 1417 Judaea
307 1368 328 1401 m
344 1353 439 1401 fotinum
455 1353 585 1415 provinciae
600 1354 716 1402 Romanae
728 1352 760 1400 eli
775 1352 875 1417 sedatu)
887 1357 960 1417 vuirga·
1035 1347 1036 1350 ¹

145 1420 262 1479 perennant
283 1418 396 1465 transiliant
412 1418 511 1480 jttdicmu
525 1416 630 1481 Iftaelt's,
646 1417 683 1465 vel
694 1416 778 1480 Judicis
798 1416 881 1465 Israelis
903 1417 958 1482 (Jua

149 1481 207 1528 dices
233 1492 255 1528 et
278 1481 387 1529 Redores
412 1480 549 1543 Judaeorum
573 1480 722 1544 ignominiose
743 1492 808 1529 erunt
833 1479 956 1542 tractandi,>¹

148 1545 231 1607 qnippe
247 1544 307 1592 omni
322 1544 440 1593 autoritate
455 1556 477 1600 et
493 1545 563 1608 gloria
579 1544 659 1609 privati
676 1556 699 1592 et
715 1545 872 1593 Romanorum
889 1545 957 1609 uirgis

120 1619 121 1622 ’
147 1607 252 1672 subjedli,
268 1610 321 1656 acin
337 1608 478 1667 seruitutem,
495 1609 580 1672 populo
597 1608 683 1672 Judaeo
699 1608 756 1656 adeo
771 1609 958 1672 ignominiosam,

133 1672 318 1735 ⁴peregrinorum
340 1669 442 1735 sedasti.)
470 1672 536 1721 Plura
555 1687 602 1721 non
622 1671 698 1732 addo,
724 1673 747 1720 in
769 1675 857 1723 Comm.
879 1673 957 1722 nostro

148 1735 175 1780 ad
191 1735 272 1794 Proplt.
285 1736 338 1782 min.
350 1738 426 1791 obuia,
438 1736 536 1779 manime
546 1751 602 1778 cum.
613 1735 638 1778 in
654 1735 715 1779 hanc
725 1750 798 1783 meam
810 1745 910 1783 mentem
921 1736 955 1783 lo·

148 1810 201 1842 cum
217 1794 283 1840 dasle
294 1795 340 1854 jam
356 1791 493 1840 illustraverit
510 1792 543 1840 Cl.
560 1806 625 1840 meus
641 1792 723 1855 Nepos
739 1796 760 1857 J.
777 1797 810 1845 H.
829 1796 954 1848 Verscltuir'

147 1857 170 1907 in
185 1855 290 1920 peculiari
304 1855 374 1915 Dill,
392 1869 447 1920 quac
457 1854 550 1918 prostat.
565 1886 567 1891 a
951 1896 952 1899 ,
967 1874 969 1878 ·

190 1931 193 1934 ’
372 1920 394 1969 b.
409 1920 507 1967 Accessit
528 1920 684 1984 Subjugationi
703 1921 758 1969 dum
778 1920 891 1983 servitus,
912 1941 955 1990 qua

107 2016 112 2019 -
148 1986 268 2037 Procerum
285 1983 420 2047 Judaeorum
434 1983 516 2031 lrbrdmt
530 1984 636 2034 inservire
652 1985 791 2045 debuerunt,
813 1999 836 2035 et
852 2004 864 2035 a
881 1989 957 2052 profa-

150 2049 182 2098 nis
197 2046 332 2111 Principibus
354 2048 436 2095 duritet
457 2047 544 2096 trasiati
565 2048 629 2108 sunt,
651 2060 675 2094 et
691 2049 890 2111 insTraditionum
907 2069 958 2105 rno-

149 2112 251 2162 lestarum
271 2126 381 2160 carcerem
398 2110 508 2173 conjesli3
531 2127 576 2176 quo
598 2111 697 2175 pertinet
712 2111 756 2175 Jcs.
773 2115 823 2163 Lll:
842 2131 913 2177 3---5‚
935 2126 959 2165 et

144 2177 212 2291 {aaran
223 2175 270 2238 stne
286 2192 340 2238 aazia
356 2175 424 2226 Zach.
440 2175 481 2224 IX:
501 2191 538 2225 11.
572 2174 611 2224 De
631 2190 676 2238 quo
696 2175 720 2224 in
737 2178 826 2229 Comm.
842 2179 870 2228 ad
886 2180 958 2230 Zacln

160 2243 214 2290 usius
228 2256 240 2287 e
256 2240 270 2289 i.
455 2245 460 2250 ”

184 2307 205 2368 d,
222 2257 295 2355 rigidi.
377 2320 398 2354 c.
415 2302 519 2352 Conditio
530 2318 585 2368 ergo
601 2302 729 2364 Pastorum,
744 2305 872 2372 Principum
884 2320 907 2357 et
917 2310 957 2359 Sa-

149 2368 265 2417 cer-dotum
285 2369 345 2419 soret
360 2368 534 2431 corrttptiffima3
554 2369 636 2432 partim
652 2368 726 2432 quod,
744 2370 808 2419 Claui
824 2373 957 2437 cognitionis

150 2427 231 2488 ablata,
246 2432 326 2496 ineptis
343 2436 409 2486 rebus
425 2432 535 2497 Populum
550 2433 689 2545 (ptinerent,
705 2444 729 2482 et
745 2433 809 2486 variis
825 2437 955 2552 quaestigni-

131 2508 133 2511 ·
590 2510 604 2546 2
672 2518 674 2521 ’
928 2515 955 2552 us
