2173 2960
457 162 558 222 Persidas
578 159 600 208 Ι.
902 160 933 224 71

124 284 198 349 potest
214 286 284 344 ratio,
301 281 437 346 quaerendus
453 281 485 328 est
501 281 523 329 io
541 283 597 330 Poto
608 275 732 341 terrestre,
749 293 804 343 qnae
814 280 932 329 referenda

123 349 193 398 ettad
206 348 315 400 Haereses
326 359 348 393 et
359 345 493 393 Sciiiiinata:
510 346 548 394 ubi
561 344 600 409 (r)
613 344 722 392 Haereses
734 358 756 390 et
767 344 886 393 Scsiismata
896 343 930 392 in·

121 415 234 463 notescere
250 414 345 467 debent3
364 408 402 473 (a)
419 423 467 456 cirin
482 407 654 470 inquirendum,
670 407 723 471 quid
735 407 864 455 mutationis
879 409 932 456 inde

120 479 232 528 Ecclesiae
247 473 360 523 acciderit.

347 552 366 584 a.
384 535 452 604 Quod
468 536 495 583 ad
509 538 616 597 priorum,¹
634 535 756 595 Haereses,
772 550 828 599 quae
843 551 885 599 per
895 547 929 584 to·

120 619 168 655 tam
178 601 298 652 Periodum
309 600 434 649 dominatae
445 599 507 659 sunt,
523 600 613 647 suerunt
624 600 745 664 praecipue
756 599 930 659 Gnosticorum,

119 683 169 717 tum
191 665 399 723 Theoreticoruin,
425 676 474 712 tum
494 663 653 713 Prafficorum.
688 664 774 731 Quibus
795 663 934 712 accesserunt

121 729 232 783 Haereses
243 729 271 777 de
282 729 408 777 Divinitate
420 727 513 787 Christi,
530 740 553 776 et
568 728 678 791 personali
695 727 813 779 Trinitatis
823 727 931 777 distintti-

116 809 178 854 one,
200 794 240 847 sub
254 794 324 842 sinem
339 793 435 842 Periodi.
475 791 579 841 Gnostici
604 792 722 843 Theoretici
736 793 827 841 fuerunt
843 794 893 842 Sec.
910 794 930 852 I,

121 856 260 917 Simoniani,
293 855 453 906 Menandriani
473 868 496 905 et
517 856 658 913 Cerinthiani.
670 915 672 919 ι
686 860 742 907 ..See
764 858 794 906 II.
810 857 931 920 praecipue

121 921 279 974 Valentiniani
293 935 316 970 et
336 920 492 970 Marcionitae.
526 921 622 982 Prodici
648 921 726 970 Secuio
747 922 766 970 I.
788 920 929 983 Nicolaitae,

121 989 170 1038 Sec.
187 988 216 1036 tr.
234 985 407 1049 Carpocratiani.
442 984 508 1033 Circa
523 983 662 1044 divinitatem
683 985 761 1034 Christi
777 985 931 1037 Theodotiani

119 1065 142 1101 et
167 1050 339 1108 Artemonitae:
370 1049 428 1098 circa
453 1046 633 1097 Personalitatem
659 1048 776 1098 Trinitatis
797 1048 925 1110 Noetiani,

119 1113 231 1168 Praxeani
247 1126 270 1161 et
291 1112 413 1163 Sabelliani.
431 1110 570 1161 “schismata
585 1126 659 1161 autem
675 1114 779 1171 suerunt,
796 1125 847 1161 tum
866 1114 930 1164 causa

119 1180 164 1230 di'e'i
184 1177 305 1238 Paschatis‚
332 1190 382 1226 tum
402 1175 553 1237 Montanismi
573 1178 622 1228 Sec.
638 1178 669 1228 H.
686 1178 715 1227 de
732 1176 815 1244 ,quibus
829 1178 932 1229 omnibus

120 1258 208 1310 quoque
224 1241 274 1291 alibi
287 1241 381 1306 agimus.
435 1295 444 1302 ,Ἴ
522 1300 523 1303 ¹
800 1255 802 1258 ⁴
845 1291 846 1296 ,

155 1337 160 1342 „
188 1353 190 1358 ,
341 1304 581 1373 -baQuaeriturjam,
597 1318 664 1369 quem
677 1305 754 1355 iocum
769 1305 825 1356 haec
836 1317 931 1356 teneant

118 1370 142 1422 in
158 1369 254 1426 Periodo
269 1369 479 1428 charaderizanda?
574 1407 583 1415 Α.
715 1408 724 1416 ,,
769 1391 771 1395 «
911 1397 913 1400 -

233 1483 245 1497 β
326 1441 327 1445 ’
346 1453 373 1484 ἀ.
390 1432 514 1482 schismata
528 1434 568 1483 uiis
583 1432 607 1484 in
622 1433 713 1481 censum
733 1432 840 1483 veniunt:
863 1431 931 1483 Casus

117 1497 149 1547 ilii
166 1514 208 1548 nec
224 1496 327 1547 continui
343 1499 447 1556 fuerunt,
464 1513 507 1557 nec
523 1497 576 1546 huic
590 1497 690 1561 *tempori
704 1496 804 1562 proprii,
819 1512 862 1553 nec
873 1498 931 1546 mul-

118 1574 168 1622 tum
188 1561 599 1612 detrimenti,attuleruntEceiesiae.
637 1564 684 1611 Pax
704 1562 817 1624 Ecciesiae
837 1576 866 1609 ne
881 1562 931 1624 qui-

120 1628 173 1675 dem
188 1643 229 1691 per
246 1625 407 1694 Quaestionem
422 1625 550 1677 Paschaiem
565 1627 652 1689 turbata
668 1624 713 1689 est:
740 1627 930 1688 Excoinmunica

118 1688 187 1737 tionis
202 1694 275 1753 Papae
289 1689 394 1740 Vitioris
409 1690 481 1738 nuilus
496 1689 657 1750 fuiteffesius.
691 1689 859 1752 Montanismus
873 1705 929 1751 quo·

117 1766 174 1816 que,
189 1751 242 1800 iicet
258 1752 359 1798 Schisma
365 1749 512 1811 produxerit,
528 1751 623 1812 insignes
638 1766 684 1798 non
694 1752 771 1799 habuit
785 1751 927 1814 progressus3

117 1816 142 1873 et
162 1813 221 1861 circa
242 1813 311 1862 finem
332 1810 422 1860 Periodi
442 1812 533 1859 demum
548 1811 640 1871 exarsit:
663 1823 688 1860 ut
702 1812 734 1862 sic
749 1814 927 1879 iruJ'usPeriodi

118 1877 276 1928 Chuanerem
290 1875 351 1926 nulio
366 1874 436 1923 modo
450 1874 586 1930 constituere
600 1888 673 1940 queat.

152 1941 174 2007 s.
190 1940 252 1990 XLI.
344 1941 369 1998 β.
387 1938 456 2006 Quod
470 1941 498 1988 ad
513 1940 635 1989 Haereses:
657 1970 659 1973 -

117 2047 119 2053 ,
349 2021 370 2054 1.
392 2007 492 2053 Fuerunt
506 2003 555 2055 iliae
565 2005 620 2053 noc
635 2016 741 2069 tempore
755 2003 855 2056 maxime
871 2024 928 2060 con·

120 2069 226 2135 spicuae,
247 2080 270 2117 et
290 2083 394 2132 magnam
411 2080 525 2117 merentur
546 2068 779 2130 animadversionem}
800 2082 848 2120 tum
869 2074 931 2139 quod

119 2150 160 2199 per
175 2146 247 2182 totam
261 2132 310 2182 fere
323 2132 453 2183 duraverint
472 2132 607 2193 Periodum3
629 2146 678 2182 tum
698 2135 758 2199 quod
777 2135 877 2199 Ecciefia
892 2139 931 2190 aii·

119 2198 174 2264 quid
189 2196 316 2247 detrimenti
326 2213 367 2262 per
383 2213 420 2254 eas
434 2195 495 2261 passa
505 2197 543 2247 sit:
561 2211 629 2263 quare
639 2197 740 2248 internae
749 2199 862 2250 Ecclesiae
873 2203 931 2252 Cha·¹

119 2262 192 2312 rader
207 2262 271 2325 hujus
287 2277 377 2327 quoque
392 2261 453 2310 casus
468 2260 571 2325 respetiu
581 2260 722 2311 definiendus
731 2263 793 2324 erit,
810 2276 835 2312 nt
845 2267 931 2329 patebit

117 2341 181 2373 mox.
216 2327 335 2375 Charader
349 2326 386 2374 iile
401 2327 453 2374 situs
469 2325 502 2374 est
522 2325 547 2375 in
562 2324 634 2373 studio
650 2326 760 2377 Veritatis
781 2344 827 2376 non
842 2342 930 2381 tantum

119 2392 288 2452 propagandae,
305 2390 342 2439 sed
359 2403 381 2438 et
397 2390 493 2438 tuendae
509 2402 532 2438 et
546 2388 681 2454 purgandae.
717 2393 762 2444 Sed
779 2389 832 2441 sicet
847 2394 874 2443 sit
885 2397 926 2444 Ca·

116 2448 155 2497 sus
169 2463 221 2511 prae
236 2454 283 2502 aliis
299 2453 374 2505 multis
389 2452 502 2514 eminens,
523 2466 597 2504 tamen
628 2500 630 2503 .

511 2517 522 2564 1
536 2531 552 2577 4
780 2536 802 2569 a.
814 2520 927 2572 Externae
