2173 2960
118 194 119 198 ,
169 156 202 203 60
378 153 476 206 Metlzorlz'
491 156 627 217 Proplutiraa
643 156 699 205 Pars
714 153 749 204 Η.

166 268 257 317 futurae
267 268 357 320 Periodi
368 284 450 322 eventu
467 273 594 332 admoneri,
611 284 633 320 et
646 285 726 321 contra
736 287 788 320 cnm
798 270 879 320 muniri
890 274 970 336 potest.

167 332 236 397 Quod
253 335 394 385 observatum
410 336 441 384 est
457 336 534 400 magni
548 336 706 387 momentize.
723 351 756 400 gr.
769 334 867 400 Epistola
877 336 972 386 secunda

167 400 195 461 ad
206 398 350 461 Smyrnense's
364 414 475 449 mernorat
491 399 672 450 Persecutionem
688 403 710 449 X
726 415 846 458 annorum,
863 399 900 447 sed
910 399 970 448 futu-

161 476 229 528 ¹ram,
246 479 303 526 quae
319 465 346 512 acl
362 464 416 512 illius
433 465 523 514 Periodi
539 465 661 515 Ecclesium
681 480 727 515 non
746 464 855 528 pertinet,
881 463 918 511 sed
939 463 972 510 sc-

168 526 268 588 quentis:
286 527 353 575 Unde
364 528 426 592 'ergo'
439 530 495 578 male
510 530 587 592 paffim
603 529 730 591 colligitur,
751 528 873 576 Ecclesiam
894 528 971 589 Smyr-

167 590 259 637 nenscm
274 591 377 653 figurall'e
392 593 513 640 Ecclesiam
529 593 585 655 poll
594 592 693 640 medium
708 592 783 639 Seculi
797 593 838 639 Ill.
855 591 915 655 quod
924 601 973 637 turn

168 652 301 701 afflietiones
316 655 415 703 mauirrre
430 654 577 719 ingruerunt*
607 655 683 702 Simile
699 654 751 718 quid
771 655 794 703 in
810 654 855 702 aliis
870 653 974 718 Epistolis

168 715 338 765 observandum.
474 753 477 757 .

200 779 220 842 5.
238 780 323 828 XXIX.
397 780 486 829 Periodi
496 779 605 830 Ecclesiae
615 779 689 845 itaque
699 781 722 828 in
729 780 834 844 Epistolis
845 797 873 830 ex
882 782 973 844 sequen-

165 842 224 889 tibus
245 843 294 891 sunt
309 844 419 892 eruendae
439 845 541 894 criteriis.
572 846 674 893 'Primam
696 844 814 893 Criterium
835 859 863 891 eu
884 845 974 907 Judicio

167 905 263 954 Domini
278 907 306 955 de
322 908 386 954 Statu
402 909 515 958 Ecclesrae
529 910 586 968 lato,
602 925 647 972 quo
662 909 697 956 vel
714 907 838 970 vituperat,
855 911 891 955 vel
902 908 974 955 laudat

166 970 301 1030 Ecclesiam,
318 970 464 1030 derivandum
481 973 519 1020 est.
554 973 669 1021 Secundam
685 987 698 1019 e
712 970 796 1021 casibus
811 971 917 1019 connexis
934 986 972 1017 ex-

166 1033 248 1092 temis,
266 1034 293 1082 ad
304 1050 358 1096 quos
368 1035 403 1083 illa
413 1035 469 1083 vitia
480 1038 516 1085 uel
527 1035 619 1084 virtutes
629 1035 750 1098 pertinent.
770 1052 772 1055 ·
789 1036 882 1083 Tertiam
894 1051 907 1081 e
918 1046 974 1082 tcm-

166 1097 228 1161 poris
249 1098 380 1161 praesentis,
407 1100 522 1160 praeteriti
544 1113 566 1147 et
581 1099 650 1148 futuri
666 1098 802 1158 mutatione,
824 1114 876 1146 cum
891 1097 974 1146 Domi-

167 1177 210 1209 nus
230 1162 361 1210 utatur'vcl
381 1162 451 1211 Praes.
470 1166 505 1212 uel
526 1165 620 1211 Praeter.
639 1164 674 1210 vel
695 1165 745 1211 Fut.
763 1162 871 1225 temporis
892 1161 972 1212 verbis.

166 1223 282 1274 Illustrabo
303 1224 358 1272 haec
378 1227 493 1289 exemplo:
516 1228 607 1275 Sumam
623 1226 745 1273 Ecclesiam
767 1227 897 1290 Tlryatyrae
918 1228 972 1288 Cap.

166 1290 198 1337 II:
214 1294 259 1347 18,
277 1289 423 1338 laudaturilla'
435 1306 447 1337 a
458 1289 576 1351 charitate,
593 1289 650 1349 fide,
666 1289 791 1337 ministerio
807 1303 829 1336 et
845 1288 973 1342 tolerantia:

168 1352 213 1400 Sed
224 1354 341 1416 culpatur,
357 1353 417 1417 quod
427 1354 563 1414 Doctrinae,
579 1368 639 1419 quae
649 1354 675 1401 ad
686 1352 870 1415 Superstitionem
883 1366 904 1400 et
915 1354 974 1401 Con-

167 1415 328 1478 cupiscentiam
343 1417 427 1476 tendit,
448 1418 470 1465 se
487 1434 533 1465 non
549 1429 655 1481 opponat.
689 1416 755 1464 Casus
770 1430 857 1475 autem,
880 1425 993 1481 quorum

169 1479 306 1528 hicmentio
323 1480 367 1540 est,
385 1481 448 1540 sunt,
464 1481 519 1529 illius
535 1482 665 1539 dottrinae,
677 1480 714 1527 cui
729 1479 750 1527 se
762 1496 807 1528 non
818 1483 973 1543 opponebant,

169 1544 308 1605 Progressus,
325 1557 348 1590 et
358 1543 444 1607 Jurlicia
455 1545 500 1592 Dei
510 1544 532 1591 in
544 1543 660 1607 primarios
674 1545 720 1606 ejus
731 1555 817 1592 autores
833 1543 975 1592 effundenda.

169 1606 231 1654 Dein
248 1608 277 1655 ad'
292 1607 477 1671 Refipisceutiam
493 1609 519 1655 ab
535 1623 561 1654 ea
576 1607 674 1655 Ecclesia
693 1606 820 1669 praestitam
839 1606 976 1669 promittitur

161 1669 296 1728 ,dominium
321 1670 345 1717 in
368 1671 460 1719 Gentes.
500 1669 566 1724 Haec
582 1669 675 1718 Criteria
696 1668 805 1717 definiunt
825 1669 977 1717 conditionem

168 1733 282 1780 Ecclefiae
296 1749 309 1779 a
325 1734 374 1786 Sec.
391 1734 430 1780 IV
445 1734 472 1779 ad
489 1734 603 1788 Vlllrunu.
638 1734 664 1777 ln
686 1732 809 1779 Dotlrinae
828 1732 978 1794 Euangelieae

167 1796 317 1858 explicatione
331 1807 355 1843 'et
365 1794 503 1843 'definitione
518 1795 588 1843 ualde
597 1795 719 1842 laboratum
731 1795 810 1842 Seculo
824 1795 862 1843 IV
878 1807 900 1841 et
911 1795 936 1843 V
952 1795 976 1844 in

168 1859 241 1909 initio.
281 1860 325 1908 Sed
346 1859 479 1922 Superstitio
499 1869 523 1905 et
543 1857 674 1919 Corruptio,
697 1873 743 1920 per,
757 1859 825 1920 Papus
844 1857 976 1920 praecipue,

132 1936 134 1939 ·
169 1923 290 1986 propagari
305 1922 393 1986 coepit:
412 1938 453 1971 nec
469 1933 602 1970 ramentum
625 1933 711 1984 aperte,
733 1932 757 1967 ut
773 1922 799 1968 ab
816 1920 918 1967 omnibus
939 1922 976 1968 de-

170 1986 219 2046 tegi
238 1985 347 2047 potuerit,
365 2003 387 2035 u.
407 2001 458 2047 14„
477 1984 566 2034 Barbari
585 1984 636 2032 dein
653 1984 751 2033 Romam
767 1997 788 2031 et
809 1984 924 2031 Romanos
945 1985 976 2032 al-

173 2048 293 2105 llixerunt,
316 2055 343 2095 v(
359 2063 396 2106 22,
415 2064 452 2107 23.
496 2048 606 2102 Ecclcliae
622 2047 691 2110 aliqua¹
712 2047 855 2100 Reformatio
876 2046 920 2094 fuit
939 2047 977 2096 luli

174 2112 254 2160 Carolo
271 2111 317 2167 M,
334 2118 385 2158 cum
402 2109 498 2171 reliquae
515 2110 598 2157 Gentes
613 2110 743 2172 subjugum
758 2111 834 2159 millae
850 2110 907 2157 suin.
934 2110 936 2160 ᾗ

206 2174 227 2239 §.
240 2174 317 2222 XXX.
399 2171 526 2220 Secumlum
547 2172 583 2226 lias
598 2172 804 2234 luypotlrel'csmunc
819 2181 920 2221 eruemus
936 2175 967 2221 Pe

173 2239 249 2287 riodos
265 2240 389 2301 sequentes
405 2251 432 2285 cu
448 2238 497 2284 VH
513 2234 629 2298 Epistolis:
722 2243 724 2245 “

401 2302 448 2348 Ima
464 2299 496 2346 est
513 2299 637 2356 Ecclesiae,
658 2315 714 2362 quae
729 2298 793 2355 initio
815 2300 879 2349 ualde
893 2301 974 2348 labora-

172 2371 250 2425 verat,
266 2364 369 2428 suamque
384 2364 503 2428 puritatem
519 2362 542 2410 in
557 2362 615 2409 lutla
631 2378 680 2409 curn
693 2363 749 2425 fallis
761 2364 871 2425 ,apostolis
883 2364 973 2411 demam

170 2432 292 2490 straverat,
309 2429 421 2493 prolapsae
440 2429 464 2478 iu
485 2429 627 2491 languorem,
648 2438 671 2475 et
686 2427 798 2477 charitatis
813 2427 974 2535 remilllongm,

289 2504 290 2512 ¹
339 2506 341 2511 ¹
433 2504 436 2515 ³
938 2504 973 2550 ap.
