2173 2960
411 256 414 259 p
457 201 558 256 Pctiintlns
580 198 614 245 H.
897 207 943 255 109

367 328 393 374 ῃ.
410 317 572 365 Persecutiones
587 316 631 363 hoc
641 328 743 380 tempore
754 314 887 361 constituunt
899 314 941 360 Ca-

138 380 184 429 sum
195 384 355 438 ertantiorem,
371 379 500 440 singularem
511 394 533 428 et
544 380 686 438 continuum,
703 392 802 442 quocum
811 378 879 424 nullus
889 377 942 425 alius

136 446 209 508 potest
220 443 350 507 comparari.
385 442 446 503 Ergo
457 442 489 489 est
500 444 565 491 Casus
576 441 777 489 Charaeteristicus

361 520 376 564 n
394 505 481 552 Verum
492 506 580 568 quidem
591 505 636 563 cll,
653 519 754 568 tempora
765 502 940 551 intermediam

136 584 171 618 ter
186 573 340 619 lltrtelianeam
361 580 383 615 et
404 569 581 616 Diocletianeam
600 568 778 616 Ptrsscutioncm
804 566 868 615 luisse
891 566 942 613 satis
978 562 981 578 ¹

136 635 242 697 pacifica3
259 634 295 683 ted
307 649 360 681 uero
376 632 414 679 suo
430 632 548 695 conlpe't‘lu
565 645 666 695 tempori
682 632 772 679 luerunt
787 629 940 687 ituluciatum,

135 714 181 744 non
202 698 254 745 finis
272 697 327 745 belli.
362 695 414 743 Belli
435 710 509 744 autem
524 710 624 759 ternpus,
640 697 746 758 licet'per
760 695 857 742 intluciaa
872 694 940 740 intern

134 773 237 822 ruptum,
254 762 333 808 durare
347 758 461 819 censetura
478 760 581 823 quamdiu
596 761 647 806 finis
658 760 745 807 ultimus
760 759 779 805 ei
795 775 841 806 non
858 756 890 804 cst
907 757 938 804 in-

133 821 230 886 positus3
253 824 285 872 eil
305 824 327 871 id
348 823 476 886 benignitati
497 824 542 871 Dei
562 821 716 881 tribuentium,
737 822 796 886 qttutl
817 822 840 870 in
863 821 939 868 incelio

134 888 190 935 bello
206 890 313 950 quaedam
330 889 460 949 llalcyonea
474 887 585 934 Ecclesiae
600 887 651 934 sunt
667 886 777 934 concello:
795 886 865 948 ipsum
886 885 938 933 illud

134 951 290 1013 persecutionis
296 951 428 1000 Diocletian.
436 951 554 999 decennale
565 952 645 998 bellum
658 950 740 1010 babuit,
752 963 775 997 ut
787 949 885 1019 constat,
898 965 937 1013 pa·

135 1015 225 1063 cificum
241 1015 327 1079 aliquod
342 1015 488 1063 intervalium.
741 1019 743 1025 '

362 1094 377 1137 t.
399 1078 422 1125 Si
438 1077 527 1126 tandem
544 1077 633 1125 accedat
649 1079 720 1126 Verbi
740 1075 866 1140 Propltetici
883 1091 936 1123 con·

132 1140 217 1199 feristis,
234 1141 262 1190 de
273 1158 317 1204 quo
328 1142 391 1204 poll,
407 1142 460 1205 quid
474 1141 587 1204 perfcclae
602 1141 784 1189 demonstrationi
800 1141 823 1189 in
840 1142 884 1188 lroc
900 1155 935 1187 ca·

133 1204 157 1251 iu
174 1204 242 1264 defit,
259 1221 303 1252 non
319 1205 393 1253 vicleo.

115 1296 121 1303 ,
159 1268 185 1331 b
202 1270 312 1318 LXXVI.
362 1268 438 1316 Venio
459 1269 487 1317 ad
513 1268 667 1317 Characlerem
693 1268 844 1315 dominantem
870 1266 937 1314 status

130 1335 221 1379 intenti:
244 1349 295 1387 cum
312 1332 397 1380 externi
412 1331 479 1379 status
496 1333 650 1381 Cltaraclerem
667 1332 785 1379 exhibeant
800 1331 935 1380 Perlecutio·

131 1410 182 1454 nes,
199 1412 274 1444 earum
289 1397 365 1458 utique
379 1396 481 1458 respectu
496 1396 607 1444 interioris
628 1395 758 1443 conditionis
781 1395 935 1443 Cltaratlerem

131 1458 175 1505 elle
195 1460 372 1507 constituendum
392 1474 426 1506 res
442 1459 488 1523 ipsa
503 1461 612 1523 loquitur:
634 1459 766 1507 doratinantis
788 1459 848 1507 enim
870 1458 935 1507 Casus

129 1521 231 1584 respectu
249 1539 292 1587 qua
311 1523 397 1571 ratione
416 1522 439 1569 se
459 1524 558 1571 habuerit
572 1523 682 1581 Ecclesia,
703 1522 726 1569 iel
748 1538 796 1570 eam
817 1524 858 1570 lrac
872 1535 935 1584 parte

130 1584 227 1633 manime
243 1585 383 1648 conspicuam
399 1585 485 1644 reddit,
503 1599 524 1634 et
540 1588 566 1634 ab
582 1586 626 1634 aliis
642 1586 780 1648 temporibus
802 1586 934 1634 dillinclam.

131 1650 189 1709 Cum
209 1665 263 1712 ergo
284 1650 354 1697 virtus
375 1649 522 1712 auspicatius,
549 1650 601 1698 fidei
624 1661 646 1697 et
667 1649 796 1712 patientiae,
813 1650 933 1712 praecipue

129 1715 253 1772 exercenda
273 1711 300 1760 fit
319 1715 342 1760 in
363 1714 528 1771 Persecutionc‚
551 1725 573 1760 et
594 1713 620 1760 acl
642 1729 676 1759 eas
695 1713 795 1775 inprimis
814 1712 930 1774 respiciat,

129 1774 212 1820 clarttm
224 1775 268 1831 est,
284 1775 337 1821 ltinc
356 1775 511 1822 Charaftetem
527 1775 593 1821 status
607 1775 687 1821 interni
704 1776 747 1823 elle
763 1775 929 1824 destrrncnclum.

129 1836 192 1884 Sicut
207 1835 268 1884 enim
290 1838 340 1884 nibil
361 1837 431 1898 magis
444 1838 466 1884 in
482 1848 572 1884 externa
586 1836 696 1883 Ecclesiae
712 1837 837 1885 conditione
853 1839 931 1886 oculos

127 1911 150 1947 et
170 1900 255 1947 animos
274 1899 318 1947 ltoc
337 1912 439 1963 tempore
459 1899 567 1958 advertit,
590 1915 655 1962 quam
680 1900 764 1948 Bellum
785 1900 929 1963 Religionis,

130 1962 189 2025 quod
202 1962 304 2011 Gentiles
319 1974 438 2011 ntoverunt
454 1976 533 2012 contra
544 1962 687 2012 Christianos:
703 1966 732 2011 ita
748 1979 791 2027 qua
805 1966 892 2013 ratione
907 1966 930 2014 se

58 2059 60 2062 .
128 2025 234 2088 gefferint
255 2026 383 2084 Christiani,
405 2028 522 2076 Virtutem
542 2026 677 2084 Heroicam‚
700 2043 728 2075 an
749 2027 848 2076 animum
868 2030 932 2078 malis

127 2090 318 2149 fitecumbentem,
333 2090 548 2149 clemonllraverint3
563 2090 585 2138 id
600 2090 673 2152 ipsum
689 2090 734 2150 est,
751 2091 777 2138 ad
783 2092 846 2154 ‘quod
862 2095 932 2142 maui-

127 2154 310 2212 mentensium,
326 2154 433 2217 qnodque
449 2153 472 2203 in
489 2156 588 2202 omnium
603 2154 721 2216 praecipue
739 2155 832 2203 incurrit
848 2158 930 2209 oculos.

126 2219 192 2277 ,Hinc
207 2233 259 2280 ergo
275 2216 291 2263 11
307 2217 421 2266 criterium
436 2218 503 2267 status
517 2218 597 2266 interni
613 2218 758 2281 repetendum
774 2219 812 2278 fit,
839 2221 929 2282 elucet,

127 2282 276 2344 quaerendum
291 2281 335 2329 elle
349 2283 372 2330 in
387 2282 469 2330 virtute
479 2281 616 2331 constantiae
631 2293 652 2327 et
665 2282 794 2341 patientiae:
813 2300 859 2331 ran
870 2288 929 2347 quod

129 2345 186 2390 nulla
197 2347 265 2393 virtus
275 2344 314 2404 fit,
325 2361 381 2410 qnae
391 2345 412 2393 se
422 2345 463 2393 illis
473 2346 609 2410 temporibus
619 2343 732 2392 illustriore
742 2347 812 2394 niodo
823 2346 928 2409 ostendit,

127 2406 157 2472 ad·
165 2421 230 2467 qnam
241 2425 319 2456 omnes
329 2421 421 2458 vertunt
428 2410 506 2457 oculos
513 2428 519 2469 3
536 2410 593 2457 nulla
604 2408 684 2465 uirtus,
696 2423 761 2470 quam
773 2427 849 2459 omnes
860 2415 928 2475 magis

128 2479 248 2516 mirantur:
267 2474 306 2519 atla
317 2473 411 2521 baeton
427 2472 509 2521 virtute
521 2474 626 2584 giccnmt
638 2470 766 2534 Christiani,
783 2475 928 2585 achtilibug

560 2550 571 2597 3
899 2554 911 2585 a
