2173 2960
459 195 561 249 Putidus
581 197 602 246 I.
752 182 758 192 ⁶
908 209 940 260 79

128 319 188 386 poris
204 320 321 370 criterium
337 315 431 365 definire
445 318 542 380 possint3
558 328 634 365 tamen
649 317 724 381 plures
740 312 831 364 fuerunt
841 315 937 367 Verati-

128 400 195 443 ones‚
212 400 279 447 quam
295 394 319 430 ut
335 382 380 429 Pax
396 382 483 429 Notam
499 380 608 444 temporis
623 379 759 429 constituere
774 379 846 443 polsit.
881 378 938 428 Dici

130 448 220 512 nequit,
242 445 364 495 Ecclesiam
385 455 439 500 tunc
454 461 509 505 pace
530 444 629 507 gavisam
649 444 706 504 else,
728 442 770 491 nisi
790 442 889 490 restriste
910 443 938 491 ad

127 513 258 576 sequentem
272 508 400 568 Periodum.
435 507 499 556 Nota
519 523 573 571 ergo
590 508 697 571 temporis
718 507 741 555 in
762 509 820 560 Pace
836 506 938 556 collocari

128 592 157 625 ne
173 587 213 623 uit.
400 587 402 589 ·
876 600 877 603 =
1006 617 1008 619 ,

154 592 173 656 ‘q
359 638 385 684 C.
402 635 469 684 Color
485 635 543 685 albus
559 649 607 682 non
627 635 689 682 redte
710 634 737 682 ad
759 635 840 682 Pacem
857 646 937 683 notan-

126 703 182 750 dum
196 700 291 748 refertur
306 698 330 747 in
345 700 389 747 hoc
403 700 555 756 Emblemate‚
573 698 633 760 quod
649 711 721 746 totum
738 697 822 763 spesina
837 699 864 746 ad
876 700 937 747 Rern

126 763 240 812 Bellicam.
274 763 369 812 Persona
387 762 411 812 in
433 763 522 811 scenam
542 761 625 809 sistitur
645 762 762 821 Militaris,
784 761 938 811 instrumentis

126 827 219 876 nrilitiae
234 826 353 886 instructa,
369 843 426 891 quae
440 827 463 875 se
478 827 505 875 ad
516 826 646 875 Vitiorum
661 826 800 890 accingeret:
817 827 855 875 ubi
865 827 937 875 nullus

126 891 273 940 videturesse
288 891 352 940 Pacis
366 893 435 940 locus.
469 893 549 939 Albedo
564 901 639 938 autem
651 890 677 937 ad
688 890 815 952 dignitatem
826 891 938 946 Personae

125 955 281 1020 Imperatoris,
294 956 325 1004 ,ad
341 955 497 1019 Expeditionis
513 954 644 1019 prosperum
659 953 793 1014 successum,
810 954 837 1002 ad
853 954 936 1005 Victo-

127 1021 197 1078 riam,
213 1019 240 1067 ad
256 1019 404 1080 Splendorem
418 1031 441 1067 et
456 1018 551 1082 gloriam
566 1018 686 1081 temporis,
703 1034 747 1081 quo
763 1019 845 1077 exiret,
863 1018 938 1067 verius

127 1084 230 1135 refertur.
265 1082 334 1147 Quod
349 1084 421 1132 verbo
436 1081 522 1132 notasse
537 1081 624 1130 sufficit.
658 1081 797 1144 Depingitur
811 1098 866 1143 ergo
880 1084 935 1130 Pro-

126 1147 217 1213 pagatio
232 1146 345 1197 Ecclesiae
360 1162 413 1194 cum
428 1145 507 1211 insigni
523 1144 634 1204 succelsu,
655 1161 724 1209 eaque
745 1145 864 1209 conjuncta
885 1162 939 1194 cum

126 1209 274 1276 prosperitate
289 1223 312 1259 et
326 1210 397 1274 gloria
412 1211 536 1268 Ecclesiae3
553 1209 592 1273 qui
606 1210 714 1259 successus
730 1210 789 1258 nulla
803 1225 828 1257 re
842 1210 939 1259 retarda-

127 1279 203 1334 batur,
221 1273 253 1322 ita
269 1285 294 1322 ut
309 1273 463 1335 Afflictiones,
479 1289 537 1338 quae
551 1286 606 1322 tunc
617 1274 773 1334 obtinuerunt,
794 1273 832 1321 hic
846 1274 938 1335 incen-

127 1339 176 1394 sum
191 1354 236 1386 non
251 1338 355 1398 veniant,
371 1337 456 1403 quippe
470 1354 526 1401 quae
536 1338 608 1386 nullae
618 1338 710 1386 suerunt
720 1337 835 1401 publicae,
849 1349 874 1402 et
885 1354 938 1401 pro-

128 1402 225 1467 gressum
240 1402 358 1465 Euangelii
374 1418 421 1451 non
440 1401 628 1460 sulllaminariint‚
650 1402 703 1466 quin
725 1416 833 1450 aurierunt
852 1401 938 1465 magis:

128 1465 228 1515 Christus
247 1464 361 1514 inoffenso
376 1466 434 1529 pede
454 1467 491 1514 liic
512 1464 640 1529 depingitur
660 1465 778 1530 progredi,
805 1466 865 1529 quod
886 1481 939 1514 cuin

127 1530 238 1592 opinione
253 1528 281 1576 de
296 1542 331 1578 tot
345 1529 537 1578 Persecutionibus
552 1528 645 1592 publicis
661 1528 777 1578 conciliari
786 1529 872 1594 nequit.

130 1638 133 1642 ,
162 1592 183 1657 s.
200 1593 285 1642 XLIX.
357 1593 430 1657 Pergo
456 1594 483 1642 ad
510 1592 619 1656 Epistulas
640 1593 778 1657 Apocalypt.
800 1593 824 1642 iii
846 1609 939 1658 quarum

129 1655 275 1720 Expositione
289 1657 424 1719 Proplietica
439 1656 479 1707 vix
493 1656 556 1706 redte
566 1656 648 1706 versari
658 1669 780 1722 potuerunt
790 1658 939 1720 Interpretes,

129 1721 192 1783 qnod
207 1719 302 1769 Praeter.
314 1720 386 1769 Praes.
404 1734 427 1768 et
442 1723 461 1768 F
462 1733 492 1769 ut.
505 1734 591 1782 tempus
605 1722 629 1768 in
644 1722 683 1768 illis
697 1736 742 1768 non
758 1721 819 1768 recle
834 1721 938 1768 distinxe-

126 1783 184 1833 rint.
218 1784 293 1828 Prima
307 1781 408 1843 Epistola
422 1797 434 1827 a
451 1784 483 1829 Cl.
501 1782 606 1843 Vitringa
622 1782 649 1828 ad
664 1781 776 1834 Ecclefiae
790 1781 910 1831 Periodum
920 1784 938 1843 ¹I

129 1843 225 1891 refertur
240 1843 352 1906 usquead
367 1842 479 1900 Decium:
496 1843 541 1891 Sed
555 1843 652 1891 Ecclesia
667 1843 692 1892 in
706 1844 849 1893 illalaudatur
860 1862 938 1895 acon·

129 1906 216 1955 ditione
231 1905 361 1968 praeterita,
377 1906 480 1969 praesens
495 1906 563 1955 status
574 1907 749 1970 reprelienditur.
784 1909 850 1957 Zelns
860 1910 939 1958 Eccle-

129 1970 175 2019 siae
190 1968 214 2017 in
229 1968 328 2032 Epistola
343 1972 355 2018 Ι
370 1971 470 2019 laudatur
485 1972 508 2020 in
524 1970 697 2034 Pseudapostolis
718 1971 859 2035 detegeiidi53
881 1974 943 2038 quod

129 2033 163 2084 est
174 2032 287 2081 criterium
297 2033 408 2082 Ecclesiae
418 2034 564 2098 Apostolicae
574 2034 642 2098 usqne
653 2036 680 2083 ad
687 2036 820 2085 Neronem:
837 2040 940 2088 conseia-

133 2110 170 2152 tur
184 2114 207 2147 v.
224 2113 247 2158 9.
263 2109 330 2161 atque
350 2096 399 2161 styli
415 2099 553 2158 differentia,
574 2100 612 2147 ubi
628 2098 675 2147 salsi
691 2098 805 2156 Dostores
824 2101 881 2151 dieti
896 2102 943 2165 Jer-

133 2164 195 2223 cluet,
210 2177 257 2210 nori
272 2161 383 2223 Apostoli.
418 2164 523 2226 Denique
543 2180 566 2212 v.
590 2167 613 2211 6.
634 2176 787 2212 memorantur
803 2166 943 2227 Nicolaitae;

134 2238 159 2275 et
174 2225 275 2289 praesens
291 2225 404 2275 Ecclesiae
423 2226 492 2276 status
508 2227 530 2275 in
546 2226 582 2275 illa
597 2226 695 2290 Epistola
710 2240 797 2276 tantum
815 2230 915 2279 laudatur
931 2247 945 2280 a

135 2290 226 2338 Christo
241 2289 285 2337 hoc
300 2290 415 2354 respedlu,
431 2291 490 2355 quod
507 2308 576 2340 eorum
592 2305 653 2354 opera
674 2291 727 2339 odio
743 2292 821 2342 lrabeat
837 2295 943 2346 Ecclesia.

136 2353 206 2417 Quod
227 2353 319 2403 siidem
341 2356 453 2404 Ecclesiae
474 2356 541 2404 status
562 2355 733 2419 intelligeretur,
755 2369 777 2404 et
793 2360 907 2420 praeteriti
923 2373 945 2408 et

135 2416 242 2485 presentis
259 2418 362 2469 dillindla
379 2436 425 2468 non
440 2419 505 2467 fieret
520 2420 620 2479 mentio,
646 2419 759 2467 Dominus
775 2420 827 2471 illud
844 2423 881 2471 liic
898 2439 944 2471 non

138 2477 273 2540 annotasset,
300 2484 338 2546 qui
355 2501 376 2534 v.
400 2498 422 2533 2.
443 2483 503 2532 illam
523 2484 590 2596 lppge
615 2482 696 2533 fortius
716 2484 854 2535 laudaverat:
881 2489 943 2598 Estrgo

540 2559 544 2579 ⁴
565 2560 581 2606 4
821 2559 823 2561 ’
843 2548 888 2612 Epi
910 2551 945 2599 ola
