2173 2960
159 185 204 217 rio
279 208 282 213 .
369 170 466 217 Metlrrdl
482 169 617 232 Prurlrttr'ear
637 170 693 224 Pars
715 171 749 218 H.

156 285 185 332 ob
198 283 276 331 Fidens
287 287 424 350 oppugnati:
445 290 490 348 galo
501 301 540 350 per
557 286 613 334 lranc
629 288 735 336 virtutem
746 287 843 345 Ecclesia
855 300 900 335 non
913 300 959 339 tan·

155 362 204 395 turn
221 347 316 397 substitit
335 352 357 398 in
377 349 545 409 Persecutione,
568 349 603 397 sed
619 365 641 398 et
657 355 723 416 longe
738 354 823 414 lateque
839 367 961 415 propagata

157 412 208 471 est,
230 428 283 460 curn
304 414 397 478 Sanguis
418 417 547 479 Martyrum
568 414 635 463 suerit
656 417 730 465 senten
752 415 868 464 Ecclesiae.
908 417 962 462 Hac.

158 492 215 540 crgo
230 476 253 523 in
271 478 363 525 Virtute
378 478 394 525 li
412 478 529 527 Clraraster
545 480 657 527 Ecclesiae
672 480 698 527 sit
713 480 860 542 quaerendus,
883 477 961 526 diffici-

157 542 245 588 lenon
266 542 307 586 erit
327 557 378 588 eum
399 559 427 590 err
448 541 546 589 Historia
560 543 677 592 illustrasse.
714 547 771 591 Cum
786 543 881 590 Ecclesia
901 541 962 589 enirn

158 603 311 667 gratissimum
326 605 436 666 impeturn
452 605 524 668 palla,
540 617 562 651 ct
577 605 657 653 statum
672 607 735 654 strum
751 607 859 666 tantalis,
876 607 962 669 aeisglo-

158 668 216 715 riose
236 665 419 729 triumphauerit,
440 669 537 731 illudque
556 668 602 715 sine
618 670 658 716 lrac
674 670 766 718 Virtute
781 671 830 718 sieri
851 682 962 732 nequeat,

160 734 207 779 iuro
223 745 262 792 per
282 729 341 776 illam
361 730 429 778 solam
451 733 570 789 elliciatur,
591 732 612 785 in
634 734 710 780 oculos
724 734 827 792 incurrit,
843 733 964 781 Ecclesiam

157 797 199 842 hac
214 793 314 856 inprimis
331 793 414 841 uirtute
431 795 495 843 suill'e
509 795 627 852 illullrern;
649 809 671 842 et
691 811 725 844 tot
739 796 829 848 illustria
844 799 891 859 ejus
907 796 966 843 edita

157 859 210 907 sunt
224 856 358 919 specimina,
375 870 400 905 ut
415 875 444 907 en
460 859 560 906 Historia
575 871 649 919 patet,
665 871 689 906 ut
705 860 756 907 uilril
773 875 801 906 ex
817 859 918 905 Historia
938 859 965 904 fit

158 920 239 969 certius
259 932 297 967 aut
318 922 399 970 notius.
441 924 528 971 Verum
549 922 639 985 qrriclem
656 921 699 980 est,
727 922 790 970 initio
806 920 966 969 Pcrlicutionis

157 986 240 1033 tntiltos
250 984 368 1044 defecisse,
380 997 404 1032 ut
414 1000 442 1031 eu
453 986 522 1033 Libro
529 985 634 1048 Cypriani
645 988 668 1033 tle
681 986 767 1048 ansts,
779 998 801 1032 et
811 985 900 1033 aliunde
909 999 963 1031 con-

158 1049 213 1098 stat:
232 1047 268 1095 secl
279 1047 322 1108 illi,
334 1049 351 1096 si
362 1064 414 1096 curn
426 1048 471 1096 aliis
483 1062 652 1111 corriperentur,
661 1048 706 1098 ⁴vix
716 1053 739 1098 in
751 1049 839 1098 cerasum
850 1047 966 1105 uenirent3

158 1124 182 1161 et
193 1111 309 1177 progressu
326 1112 444 1175 ternporis‚
460 1129 530 1175 qutun
541 1112 667 1160 Persecutio
682 1115 779 1161 manime
789 1112 877 1171 saeviit,
894 1110 967 1159 Clitis-

158 1177 214 1225 tiani
224 1176 313 1223 sortiter
324 1176 346 1222 se
356 1176 480 1239 gesserunt,
492 1189 515 1223 et
525 1177 589 1239 plane
596 1175 724 1224 Christiane.
746 1178 782 1224 aa
793 1178 848 1223 lraec
858 1174 966 1223 accedunt

160 1242 218 1289 clara
234 1238 361 1287 testimonia
374 1255 421 1288 non
436 1251 523 1287 tantuin
540 1238 727 1298 Christianorum,
744 1241 781 1288 secl
791 1239 888 1302 ipsorum
907 1238 967 1285 Gen·

160 1304 248 1361 tilium,
265 1319 321 1366 quae
336 1319 416 1367 magno
432 1318 527 1351 numero
542 1302 638 1366 proferri
653 1301 748 1365 possunt.
782 1304 818 1350 Etr
839 1300 966 1350 Christianis

160 1370 204 1432 leg.
224 1366 347 1430 Cyprianus
363 1367 390 1414 ad
406 1367 587 1423 Demetriadem,
604 1365 723 1425 Eusebius,
740 1366 870 1414 Lassantius
886 1365 965 1414 etalii.

162 1434 199 1480 Es
211 1430 336 1479 Gentilibus
348 1430 458 1492 Eunapius
468 1429 493 1478 in
503 1429 560 1478 Vita
570 1428 652 1477 Edesri.
685 1430 839 1478 Diocletianus
855 1430 913 1476 inter
929 1430 968 1477 alia

161 1498 185 1545 se
200 1512 213 1542 a
228 1494 384 1543 Persecutione
400 1494 496 1541 alienum
511 1492 556 1540 esse
571 1492 645 1551 dixit,
668 1493 728 1553 quod
743 1492 860 1541 Christiani
876 1494 969 1540 libenter

162 1570 306 1624 paterentem
322 1557 378 1604 teste
393 1557 515 1604 Labtarrtio.
534 1581 535 1586 =
551 1555 626 1619 Quare
642 1556 739 1618 Julianus
754 1573 791 1604 eos
807 1557 880 1619 palam
895 1556 968 1617 persc-

162 1623 201 1686 qui
218 1621 303 1680 noluit,
319 1620 443 1668 secundum
455 1620 549 1682 Gregor.
562 1618 669 1668 Nazianz.
703 1619 807 1667 Tandem
818 1618 915 1682 Epistola
925 1620 967 1671 HL

160 1692 237 1749 Apoc.
245 1686 278 1732 H.
295 1684 322 1730 ad
333 1685 481 1746 Pergamenos
493 1683 559 1729 solam
570 1684 627 1729 hanc
638 1681 752 1729 Virtutem
763 1695 874 1729 inenrorat
888 1696 910 1730 et
925 1684 969 1729 lau-

160 1751 197 1798 tlat
212 1748 235 1796 in
251 1746 349 1794 Ecclesia
364 1746 429 1808 liujus
443 1744 543 1803 Pcriodi,
561 1756 585 1791 ut
600 1743 676 1807 postea
691 1744 822 1793 videbimus.

194 1811 355 1877 §.unitura
388 1811 518 1872 ‘Sequuntur
538 1807 574 1855 alii
594 1807 654 1855 casus
673 1808 737 1870 liujus
757 1808 857 1856 Periocli:
881 1806 917 1855 secl
938 1807 968 1856 illi

161 1876 227 1942 pauci
242 1875 305 1932 stant,
322 1873 360 1937 qui
371 1871 586 1921 anirnaduerstonenr
596 1885 722 1930 merentur,
733 1884 820 1935 praeter
832 1887 906 1920 ortum
917 1873 969 1919 Ma*

163 1937 300 1987 nicltaeismi.
334 1936 470 1984 Manserunt
485 1951 532 1992 res,
550 1946 598 1981 tuin
614 1933 755 1983 essentialium
776 1948 825 1983 tum
844 1935 968 1983 accidenta-

163 2002 220 2050 lium
246 2000 341 2060 partium
362 1999 473 2045 Ecclesiae
493 1997 671 2059 respecturos
691 2000 771 2046 eodeni
791 1998 815 2045 in
835 1999 892 2046 statu
899 2015 906 2056 ;
929 1999 969 2047 nist

164 2062 226 2128 quod
236 2062 319 2108 vCultus
339 2060 433 2122 aliquem
454 2061 582 2108 ulteriorem
598 2062 690 2123 graelum
700 2061 780 2110 fecerit
794 2062 822 2110 ad
833 2062 968 2126 superstitio·

166 2143 233 2185 nema
250 2124 287 2172 scd
299 2123 372 2170 ntinus
383 2122 541 2184 conspicatust,
557 2123 660 2182 serpeus
670 2125 819 2172 uenerationis
828 2125 953 2174 sanslorum
961 2128 972 2184 ς’

164 2190 226 2256 qttod
242 2188 354 2250 Regimen
376 2186 484 2247 majorem
501 2183 612 2246 acceperit
627 2185 780 2245 atrtoritatern,
797 2190 914 2251 praecipue
930 2192 969 2235 Pa·

164 2269 243 2319 parurn
256 2253 420 2299 Romanorum.
450 2250 480 2296 Et
492 2250 571 2296 Mores
582 2247 672 2295 suerunt
681 2249 840 2311 corruptiores,
853 2251 971 2313 praecipue

165 2333 270 2380 ternpore
281 2313 399 2377 Cypriani,
412 2325 434 2359 et
444 2325 495 2360 ante
506 2311 682 2360 Persecutioncnt
694 2313 881 2371 Diocletianeanr,
893 2315 971 2376 quibus

164 2379 308 2430 errrenclanrlis
319 2377 426 2424 destinata
436 2391 525 2440 quoquc
536 2387 581 2422 erat
592 2375 725 2424 Perstcutio.
760 2376 867 2441 Haereses
878 2378 968 2427 caedent

164 2448 224 2499 circa
242 2442 378 2494 Trinitatem
394 2441 565 2498 continuarunt,
583 2450 606 2486 et
627 2454 651 2489 ea
666 2441 796 2490 Artemonis
817 2457 857 2502 per
876 2442 968 2489 Paulum

805 2505 968 2555 Samosatentun
