2173 2960
173 185 215 240 138
388 175 486 224 Mttliodi'
500 172 637 237 Propln'tr‘rue
653 173 760 223 Partis.

200 295 220 359 ᾗ.
238 295 286 343 ΟΧ.
394 293 460 340 Haec
476 292 492 340 si
508 291 662 350 attendantur,
678 290 756 355 sponte
772 289 872 339 ducimur
888 294 914 342 ad
930 297 970 344 Pc-

167 357 257 406 tioduin
272 357 394 416 Ecclesiae,
410 371 465 419 quae
481 372 493 404 a
509 357 559 404 Sec.
576 356 613 404 IV
628 355 651 403 se
662 355 763 404 extendit
773 357 799 403 ad
814 356 855 404 in.
870 355 893 404 in
905 375 970 421 quun

168 424 222 470 haec
238 422 351 487 quadrant.
444 425 445 428 ’
762 463 764 467 ,

400 484 429 533 Α.
446 484 576 548 Viguerunt
593 494 642 531 tuin
658 484 735 547 paffim
750 498 817 547 opera
831 482 865 531 illa
876 484 971 532 laudabi-

169 549 210 608 lia,
228 563 250 597 et
260 565 312 597 cuin
323 549 414 612 aliquam
425 549 522 611 Eclipsin
533 546 593 611 pall'a
604 546 656 594 esset
665 549 763 595 Ecclesia
774 549 822 595 Sec.
834 549 869 597 Vl
880 561 902 595 et
914 549 970 609 Vll,

171 615 236 661 ardor
256 614 291 660 ille
311 613 419 660 usurarius
440 611 472 658 est
492 614 541 658 Sec.
559 610 618 657 VIII
640 623 662 658 et
677 613 711 658 iit
726 612 748 659 iii
763 610 841 671 initio3
857 626 881 660 ut
896 612 973 661 ultinia

171 677 216 724 dici
231 676 311 737 possint
326 676 436 738 prioribus
451 675 514 723 suille
530 671 629 720 meliora.
664 674 728 740 Quae
745 674 819 722 oinnia
834 691 846 724 e
861 675 924 726 ditus
939 671 972 726 su'ss

159 782 163 785 .
171 755 212 803 pra
227 740 283 786 clara
297 738 353 787 sunt.
979 746 981 748 ’

393 803 419 849 Β.
437 802 490 848 Nec
505 800 577 849 inlinis
592 809 682 857 verum,
699 799 877 863 superstitionem
888 814 911 850 et
926 804 974 852 lun·

171 882 208 914 uin
223 862 330 926 irrepsisse
343 865 367 912 in
383 864 517 924 Ecclesiam,
535 862 702 911 conniventibus
717 866 808 922 inultis,
831 865 869 928 qui
883 867 976 928 prosun-

172 930 199 977 da
216 930 310 976 Satanae
325 927 468 990 ignorabant:
491 928 519 975 de
538 926 615 990 quibus
630 925 652 973 iri
669 928 863 976 Cominentatione
877 929 975 984 Histori-

174 1009 206 1041 ca.
255 992 342 1055 Jezabel
360 991 383 1039 in
399 991 498 1038 Ecclesia
514 991 596 1038 docens
618 990 693 1037 veliti
714 1006 796 1053 genere
817 1003 880 1040 notat
900 1008 976 1043 earum

172 1055 323 1104 doctrinar-nni
338 1067 362 1102 et
377 1056 467 1102 inoriini
482 1054 634 1107 inductionem
649 1051 673 1101 in
683 1053 815 1113 Ecclesiam,
832 1068 855 1103 et
870 1056 977 1121 propaga·

174 1121 275 1178 tioriem3
292 1133 344 1166 curn
367 1117 470 1166 allusione
490 1131 575 1166 tautum
605 1117 632 1164 ad
653 1118 790 1181 Jezabeleni:
812 1120 849 1168 vel
867 1121 980 1180 Doctores

174 1184 258 1247 aliquos
275 1198 350 1229 earuni
366 1181 518 1230 dostrinaruin
534 1181 650 1245 expriinit,
672 1182 743 1244 quales
758 1182 848 1231 suerunt
862 1184 906 1232 hoc
921 1198 977 1233 teni·

176 1263 233 1311 pore
248 1246 333 1309 plures:
355 1247 390 1294 vel
409 1246 431 1292 in
454 1243 528 1306 specie
550 1245 618 1307 Papus
640 1244 756 1292 Romanos
777 1258 880 1310 tanquam
895 1250 979 1312 praeci·

175 1327 232 1375 puos
253 1310 348 1357 fautores
363 1306 522 1371 superstitionis
538 1318 560 1354 et
575 1307 736 1369 corruptionis3
752 1309 790 1371 qui
807 1325 835 1357 eo
850 1312 935 1374 majore
943 1314 978 1376 ju·

176 1389 202 1422 re
216 1374 253 1421 illo
268 1371 363 1420 veniunt
378 1371 484 1429 nornine»,
502 1382 608 1434 quatenus
618 1371 739 1433 progressu
755 1372 862 1434 temporis
876 1376 899 1422 se
915 1375 937 1423 in
953 1377 980 1424 fi>-

176 1437 260 1486 delib'us
275 1435 412 1493 occidendis,
423 1435 479 1482 sicut
490 1435 578 1497 jezabel
593 1433 695 1496 respeslu
709 1434 868 1498 prophetarunt
879 1439 980 1501 Jehovae

178 1500 247 1560 fecit,
260 1511 282 1546 et
298 1498 454 1563 superstitione
474 1499 530 1546 elata
544 1512 612 1546 manu
627 1498 720 1558 tuenda,
741 1498 794 1546 tales
807 1499 829 1547 Ie
839 1501 981 1551 *demonstra-

178 1564 254 1615 verint
268 1562 353 1611 sununa
373 1560 477 1625 emphasi.

226 1636 227 1639 ’
408 1628 433 1673 C.
446 1624 511 1690 Quae
521 1622 549 1688 de
561 1622 709 1687 Castigatione
719 1623 838 1685 habentur,
855 1628 908 1676 etin
919 1644 981 1692 prae·

176 1691 252 1749 sente,
269 1690 329 1737 etin
345 1689 434 1750 futuro,
452 1703 478 1734 ea
488 1685 604 1749 pertinent
618 1687 645 1733 ad
660 1688 803 1738 Barbaronini
819 1689 942 1739 invasiones
958 1693 983 1741 in

176 1767 245 1803 terras
266 1752 454 1808 Christianorum,
476 1764 533 1812 quae
547 1748 603 1812 ¹post
619 1751 679 1798 VIII
695 1751 744 1799 Sec.
767 1753 794 1799 de
810 1767 872 1800 novo
887 1756 983 1803 manime

176 1820 325 1881 inceperunt,
347 1828 370 1863 et
391 1811 524 1863 vastationes
543 1812 610 1876 longe
621 1813 725 1876 ,lateque
736 1812 936 1877 circuintulerunt3
963 1830 985 1867 et

177 1882 251 1930 adhuc
266 1882 315 1929 Sec.
331 1879 373 1940 IX,
390 1879 420 1937 X,
436 1876 480 1926 xt-
496 1874 665 1926 continuarunt:
681 1878 710 1925 de
724 1877 803 1941 quibus
816 1880 882 1944 supra
895 1897 984 1947 qiioque

179 1960 223 1994 ei.

192 1962 234 2071 gb
251 2007 310 2055 CXI.
411 1995 522 2053 Succedat
535 2000 606 2065 Epist.
623 2003 656 2053 V.
673 2004 766 2067 Apocal.
783 2007 886 2071 quaeest
901 1994 984 2056 adEe·

179 2070 268 2119 cleliam
288 2067 452 2126 Sardiceuset'n,
474 2070 528 2131 Cap.
550 2068 591 2115 III:
615 2083 637 2115 1¹
644 2067 702 2131 seqq.
746 2071 773 2118 In
799 2087 842 2134 qua
857 2070 983 2135 depingitur

179 2132 291 2189 Ecclesia,
308 2142 333 2177 ut
347 2132 438 2177 nomine
452 2141 517 2176 tenus
531 2130 595 2187 viva,
611 2130 649 2178 sed
663 2148 687 2179 re
702 2130 748 2194 ipsa
758 2148 847 2183 mortua
852 2173 859 2195 ,
876 2135 985 2184 nonnullis

178 2193 346 2261 languentibus,
359 2206 382 2240 et
398 2202 494 2267 ainotte
504 2206 549 2238 non
565 2192 630 2252 longe
645 2194 750 2252 remotis,
766 2199 842 2257 paucis
857 2213 943 2246 tantum
954 2198 985 2244 sa-

180 2263 215 2310 nis
230 2272 254 2307 et
268 2256 411 2307 latitantibus
434 2254 480 2321 Qui
498 2251 636 2318 Cliarasleres
652 2269 680 2300 ex
695 2255 768 2304 nostra
783 2260 892 2321 opinione
902 2259 987 2319 optime

180 2325 290 2388 quadrant
302 2323 323 2368 in
341 2317 463 2369 Ecclesiam
479 2317 551 2373 Seculi
568 2316 609 2373 IX,
622 2316 643 2363 X
661 2328 685 2363 et
700 2318 740 2366 XI.
757 2323 902 2384 quandoper
918 2323 985 2370 Caro.

180 2389 228 2437 lum
243 2387 280 2434 Μ.
296 2385 415 2442 reformata
431 2379 530 2432 Ecclesia
550 2379 689 2443 praeferebat
709 2380 732 2428 in
753 2381 818 2430 initio
838 2384 900 2447 spem
915 2384 947 2432 rei
962 2384 987 2435 iu

181 2450 261 2501 melius
274 2448 405 2511 mutandae,
420 2460 444 2497 et
458 2443 545 2511 species
561 2442 631 2495 Vitae
647 2444 765 2508 conspicua
781 2445 824 2497 suit
833 2449 856 2498 i'n
866 2448 990 2507 devotione

966 2525 1059 2581 et¹
