2173 2960
172 223 207 274 De
219 219 290 272 Mali.
301 195 430 286 Quaesistis
441 189 539 270 disticha.
552 215 614 262 trad.
626 221 647 261 et
654 211 737 276 periodo
747 210 874 277 florido-ist.
893 223 938 272 223

134 396 165 432 ne
181 380 240 429 enim
257 378 297 424 hac
313 374 336 421 iu
352 366 427 421 locum
443 374 471 422 de
491 362 611 431 Taraunide
627 368 651 416 in
668 370 731 417 cansa
748 366 801 416 fidei
816 380 837 413 ct
851 369 937 432 religio-

137 445 170 495 nis
190 441 302 497 dedflfila,
329 436 352 483 in
373 451 417 498 quo
437 429 690 485 totius'controuersrae
712 433 780 481 cardo
802 432 937 501 versabitur,

135 509 189 575 quid
209 503 305 561 facilius,
322 513 471 563 quameam,
488 512 593 561 tanquam
617 496 716 555 Christo,
738 495 866 556 euangelio,
887 498 937 542 reli-

135 569 198 635 gioni
213 581 236 617 et
251 564 361 621 societati,
382 561 494 610 inimicam
503 599 508 619 ,
517 576 543 624 et
558 558 680 622 genuinum
691 562 784 609 Satanae
794 558 926 621 prosludtum
934 595 944 618 ‚.

134 637 158 684 iu
173 632 276 680 oninium
288 626 368 676 'oculos
383 627 506 674 etanimos
522 625 633 686 defigere,
652 634 674 670 ct
688 623 825 688 superio-rem
841 621 939 669 discede

136 711 174 753 re,
191 710 242 741 cum
252 691 276 739 iu
286 690 387 742 inanibus
398 689 424 738 sit
435 690 536 740 vidioria.
569 689 634 735 Haec
646 687 704 735 enim
717 687 830 752 Tyraunis
847 687 901 734 adeo
913 686 939 734 ab

135 756 282 814 humanitate,
298 753 473 820 hinnitumque,
489 754 623 817 quitatione
639 751 710 799 bestiis
731 751 879 810 antecellunt,
902 766 939 798 ua-

136 835 186 870 tura
202 833 224 868 et
239 820 368 883 aequalitate
382 816 506 877 abhorret„
519 818 577 867 adeo
591 815 614 863 in
629 815 684 879 ipsas
701 816 847 872 conscientiae
864 815 941 862 notio‹

95 935 96 938 ,
135 901 175 935 nes
185 883 291 943 incurrit,
307 882 482 948 religionemque
493 898 585 939 veram,
606 895 661 943 quae
676 880 721 927 line
736 881 814 930 intima
830 879 941 928 corruitli-
962 913 967 919 f

135 964 178 999 une
197 948 264 996 inane
285 962 368 996 uoiiieu
389 946 433 1006 eli,
456 947 511 994 adeo
528 945 624 993 inclara
641 943 717 992 Christi
742 946 859 1009 praecepta
875 944 939 992 ston-

134 1026 159 1061 te
174 1011 263 1061 aduersa
277 1012 368 1068 arietat,
385 1011 440 1058 adeo
456 1009 551 1071 denique
565 1006 695 1054 societatum
712 1008 800 1056 uincula
816 1008 938 1070 dirumpit,

136 1088 174 1134 ut,
186 1076 249 1124 srael
261 1074 342 1137 aliquid
358 1075 435 1135 honae⁴
445 1071 525 1120 nientis
541 1069 644 1134 superfit,
661 1070 701 1118 uix
716 1073 765 1119 fieri
786 1085 863 1134 queat,
884 1070 942 1135 quin·

134 1140 190 1188 haec
205 1138 231 1187 ad
247 1137 510 1195 anirnum'revocantes,
525 1135 564 1184 ‘uel
580 1134 634 1181 solas
657 1135 799 1198 complicatas
815 1135 885 1183 arrimi
898 1150 942 1184 uo*
978 1178 979 1182 ,

134 1202 207 1252 tiones
223 1201 367 1262 evolventes,
383 1199 524 1262 tyrannidem
540 1200 557 1247 st
573 1200 623 1247 uou'
635 1197 783 1256 detestentur,
799 1200 876 1263 utique
891 1210 940 1249 tau·

135 1281 201 1331 quam
217 1264 327 1328 insignem
342 1263 454 1327 regiminis
470 1264 560 1312 abusum
576 1262 735 1312 condemnent.
770 1264 813 1310 Sed
829 1278 851 1310 et
868 1278 895 1310 eo
906 1264 938 1312 sa·

136 1328 199 1377 cilius
214 1328 238 1377 in
254 1330 310 1376 hanc
321 1326 452 1392 opinionem
463 1327 609 1386 descendent,
626 1343 670 1390 quo
686 1339 709 1375 et
724 1325 820 1376 siusiius
831 1327 943 1393 honorant

133 1393 240 1455 niartyrio
251 1405 292 1454 pro
299 1390 411 1455 religione
424 1390 548 1440 Christiana
558 1393 599 1454 per
610 1392 708 1440 Gentiles
718 1403 850 1450 coronatos,
868 1402 890 1437 et
900 1389 947 1439 sibi.

134 1456 175 1519 ipsi
186 1454 347 1518 Antichrilhim
359 1455 467 1519 pingunt,
484 1456 616 1521 qui,gente
626 1467 649 1502 et
658 1455 765 1520 religione
782 1454 945 1519 Judaeus,sul-v

137 1518 229 1577 mincis,
241 1518 308 1566 instar
318 1519 378 1581 apri,
396 1519 418 1565 in
436 1518 569 1567 Christianos
581 1519 656 1567 vemet
667 1519 779 1579 dentibus,
797 1534 878 1584 eosque
893 1519 943 1566 hor-

135 1582 205 1629 rendo
221 1584 306 1644 impetu
322 1594 425 1644 tanquam
440 1583 489 1629 Leo
505 1583 605 1646 adfliget.
644 1584 721 1643 Hasce
736 1582 888 1648 persecutores
905 1582 942 1646 qui

134 1646 196 1693 serae
215 1646 272 1693 haud
294 1645 401 1693 absimiles
422 1645 537 1709 dixerint,
559 1658 584 1693 ut
600 1647 678 1696 dicunt
699 1649 865 1707 Romau'enses,
888 1646 939 1710 quid

135 1708 228 1772 quaeso,
244 1725 288 1772 quo
305 1709 452 1769 Christianos,
469 1710 660 1758 eodem'crimine
675 1712 698 1759 se
713 1710 888 1774 obstringentes,
903 1712 940 1756 ab·

134 1773 233 1831 solvant,
249 1788 302 1819 cum
316 1773 352 1822 vel
367 1772 459 1819 minima
472 1773 553 1835 ¹specie
568 1773 687 1822 adferent?
708 1776 772 1839 quid,
786 1783 860 1836 quam
875 1773 898 1819 iis
915 1786 944 1821 os

135 1835 262 1893 obstruere,
276 1835 407 1898 promtius?
418 1836 549 1897 Haeccine,
562 1836 628 1899 proh·
637 1837 711 1885 dolor!
737 1837 873 1886 Christianae
888 1837 943 1884 reli-1

134 1897 208 1962 gionis
223 1900 388 1970 praerogatiua,
404 1911 441 1958 ut,
458 1900 518 1962 quod
533 1900 557 1948 in
569 1900 697 1947 vGentilibus
720 1899 742 1948 et
763 1901 851 1963 Judaeis
871 1899 941 1964 injus-

135 1974 184 2010 tum
199 1962 255 2021 suit,
272 1963 360 2011 crudele
377 1974 399 2009 et
413 1963 515 2025 saevum,
537 1964 598 2011 idem
618 1963 669 2011 illud
691 1981 702 2011 a
719 1964 846 2013 Christianis
857 1971 941 2027 patra«

135 2027 185 2073 tum
200 2025 239 2073 fiat
252 2025 349 2088 justum,
365 2041 460 2091 aequum
472 2039 498 2074 ‘et
513 2028 651 2075 humanum?
673 2028 741 2076 Estne
760 2028 836 2091 itaque
854 2028 944 2076 sandia-

136 2089 191 2137 srma
210 2089 288 2153 religio
309 2101 337 2138 'eo
352 2090 419 2153 scopo
442 2092 453 2138 d
471 2093 535 2139 coelo
555 2091 664 2150 demissa,
687 2104 712 2139 ut
733 2099 833 2140 aeternas
852 2090 907 2156 julli
923 2100 945 2141 et

123 2152 210 2217 ¹injusti
225 2154 323 2216 tegulas,
338 2154 408 2217 ipsam
424 2155 570 2219 Dei'legem,
585 2156 631 2215 ipsa
648 2155 798 2215 conscientiae
814 2155 904 2219 ditiata,
917 2169 944 2204 et

116 2216 190 2265 ‘boni
204 2217 300 2280 malique
315 2217 434 2264 discrimen
451 2218 463 2263 ἑ
479 2219 554 2265 medio
569 2217 648 2265 tollat?
663 2219 744 2267 Itane?
762 2219 883 2267 Christiana
893 2219 942 2268 reli·

137 2278 191 2343 gio,
206 2282 277 2328 omnis
289 2280 388 2330 uirtutis
409 2280 510 2343 persenia
531 2280 645 2344 magistra,
667 2298 724 2344 quae
744 2282 795 2330 nihil
810 2281 899 2347 magia,
922 2298 951 2333 aa

137 2344 282 2404 modestiam,
299 2333 426 2406 charitatem
438 2347 539 2393 omnium
554 2359 607 2408 erga
628 2360 718 2405 oraines,
739 2362 818 2409 pacem·
838 2345 947 2408 inculcat,

137 2407 201 2465 odia,
217 2409 307 2468 caedes,
325 2411 392 2467 bella,
408 2408 583 2468 vivicomburia,
601 2422 622 2456 et
642 2424 697 2473 quae
719 2411 760 2460 alia
782 2411 832 2459 sunt
854 2413 950 2461 Satanae

138 2481 219 2526 opera,
236 2472 313 2534 quibus
335 2473 477 2530 innocentes,
494 2485 517 2521 et
537 2473 636 2521 ueritatis
657 2473 760 2535 studiosi,
778 2478 949 2540 opprimuntur,

139 2537 244 2591 tauquam
259 2532 384 2594 laudabilia,
401 2546 423 2582 et
439 2536 491 2583 Deo
507 2550 581 2599 grata,
598 2538 739 2601 adprobabit,
757 2551 781 2588 'et
797 2539 888 2604 exiget?
904 2555 949 2602 au„

549 2601 586 2648 Ee
601 2615 616 2659 4,
885 2605 951 2659 *tella-t
