2173 2960
366 179 368 181 ’
401 175 509 227 stellaria
525 155 644 226 Generalis.
899 189 932 238 59

124 297 202 346 clesrae
217 296 324 348 Periodos
340 284 402 342 aliter
417 294 508 344 contexi
519 294 542 344 in
553 293 671 360 Epistolis,
688 291 748 341 acin
760 292 853 357 signnm
869 292 930 359 quod

122 359 236 425 Epistolnc
252 362 278 410 ad
294 360 413 409 Interiorem
428 360 541 407 Ecclesiae
556 358 712 407 conditionem
728 357 847 421 praecipue
860 356 929 421 respi—

122 425 195 486 ciant,
208 425 284 489 Sigilla
293 423 320 470 ad
331 425 462 480 exteriorem.
484 423 590 470 Exterior
600 422 702 470 conditio
708 420 882 468 chartei-erinna
892 437 930 467 eo·
979 453 980 457 ,

123 490 176 538 dem
195 490 218 538 in
239 489 296 536 statu
311 485 443 533 continuare
463 485 550 549 potest,
571 486 625 534 dum
644 484 739 543 interior
760 483 855 547 aliquam
876 483 932 540 subit

123 550 284 601 mutationem:
310 549 370 597 unde
385 561 458 613 putet,
479 548 585 598 Periodos
602 548 730 613 Sigillorum
745 560 768 595 et
783 545 932 612 Epistolarum

121 615 245 680 prudenter
259 614 335 662 secum
350 612 394 661 elle
408 614 579 676 comparandos,
596 628 625 661 ne
641 626 663 661 et
678 613 710 661 rei
725 611 767 675 ipsi
783 625 805 659 et
817 608 933 660 Historiae

123 680 158 727 vis
175 679 294 725 inseretur:
313 678 360 724 VII
376 677 462 725 Periocli
477 678 584 725 inuentae
600 677 649 724 sunt
665 678 693 724 ob
709 692 756 736 res,
773 676 824 739 qino
839 675 888 730 illue
904 673 932 720 tul

124 741 280 804 Septenarium
294 756 412 788 numerum
428 741 505 789 referri
521 741 623 804 poliunt:
641 756 686 788 non
697 753 772 789 nutem
787 756 821 787 res
837 740 867 787 ob
879 738 930 786 Nu-

123 821 212 853 merum
227 806 393 869 septenarium}-
403 806 465 870 Ergo
480 806 528 854 Res
542 804 602 868 iplire
616 804 709 852 definire
725 804 808 852 debent
824 804 872 853 Vll
889 804 930 851 Pe·
977 832 980 838 Δ

126 870 211 934 τὶοάος.ι
240 868 380 917 Proferamns
396 868 472 934 itaque
486 867 550 917 aliam
567 867 710 932 hypothesin.

156 934 177 999 §.
193 934 306 982 XXVIII.
356 948 383 993 n.
400 933 548 991 Tenendum,
559 932 669 996 Epistulas
678 933 704 980 ad
714 931 842 980 interiorem
854 931 931 978 Eccle-

123 997 166 1046 stae
177 997 343 1056 conditionem,
360 999 397 1045 vel
407 997 480 1060 potius
496 995 577 1044 statum
593 997 718 1059 Moralem,
735 997 762 1044 ud
778 1010 844 1044 verae
854 995 931 1043 Eccle-

124 1061 166 1110 stae
182 1061 279 1109 diversas
295 1059 441 1108 Condiriones
456 1059 568 1122 internus,
584 1061 702 1124 praecipue
712 1059 833 1123 respicere:
848 1058 932 1122 ‘Quum

124 1124 259 1189 hypothesin
278 1124 309 1172 Cl,
327 1123 431 1187 Vitringa
443 1124 499 1185 jecit
514 1135 537 1171 et
557 1123 667 1188 probarit.
702 1122 801 1172 Materia
822 1123 933 1185 Epistola·

122 1204 174 1237 rum
194 1188 218 1236 id
240 1187 352 1236 clariffirne
372 1187 462 1238 evincit.
495 1186 545 1251 Ipsa
580 1201 652 1252 uoque
672 1187 705 1235 rei
721 1200 799 1236 natura
813 1186 835 1234 id
851 1187 933 1237 confir-

123 1263 183 1312 mat,
199 1268 251 1300 cum
272 1251 323 1299 alios
342 1253 364 1299 in
385 1263 432 1300 tota
451 1251 547 1317 Apocal.
563 1206 636 1302 >iratus
650 1251 763 1300 Eccleliae
779 1249 874 1299 Moralis
895 1252 934 1303 vix

123 1316 166 1365 ulla
182 1315 277 1365 exstaret
291 1315 383 1364 mentio.
698 1326 699 1329 ’
904 1322 906 1326 ’

125 1389 126 1392 ’
265 1376 266 1379 ’
296 1380 297 1384 ’
355 1393 379 1437 2.
396 1380 528 1429 Interiorem
543 1378 654 1428 Ecclesiae
668 1379 764 1440 statum,
785 1395 853 1454 quem
868 1376 935 1428 Vitia

123 1442 272 1493 definiuntet
287 1443 406 1502 Virtutes,
427 1444 530 1508 respestu
545 1447 657 1492 exterioris
673 1444 806 1493 conditionis
822 1442 934 1492 Ecclesiae
1003 1472 1005 1476 ,

124 1507 228 1556 describi:
250 1523 306 1570 quae
325 1505 382 1555 ratio
397 1506 442 1567 est,
459 1524 527 1571 quare
541 1507 627 1556 illarum
647 1507 797 1557 mutationum
818 1504 935 1556 exterioris

123 1570 258 1635 conditionis
273 1570 385 1618 Ecclesiae
399 1570 436 1619 hic
450 1570 496 1620 illic
511 1571 598 1620 mentio
613 1572 652 1620 fiat
667 1571 691 1621 in
706 1571 830 1637 Epistolis3
852 1583 876 1627 ut
891 1569 933 1619 Af-

125 1633 265 1696 fiisiionmn,
283 1634 452 1697 Cbrrupfflonis,
469 1635 602 1685 Haeresrunr
617 1633 663 1685 &c

351 1704 372 1754 Δ.
389 1698 498 1759 Epistoles
518 1700 561 1745 hnc
578 1712 644 1759 parte
658 1695 781 1762 compartiri
795 1696 860 1761 posse
879 1713 931 1745 cunr

125 1759 205 1821 Sigillis
211 1775 218 1815 3
239 1761 278 1806 sed
293 1760 374 1820 absque
389 1770 414 1804 ut
428 1758 517 1805 Periodi
537 1772 615 1804 omnes
629 1759 670 1806 fibi
689 1772 793 1808 accurate
812 1760 932 1810 annetien-

123 1833 173 1882 tur‚
191 1835 243 1868 cum
259 1821 305 1868 Res
320 1818 380 1881 ipsae
394 1834 430 1867 eas
444 1818 540 1868 definire
555 1820 655 1870 debeant.

354 1893 379 1939 Ἶ.
397 1883 482 1946 Scopus
497 1881 647 1948 Epistularum
662 1882 707 1943 est,
724 1884 807 1948 partim
823 1886 870 1950 ejus
890 1888 932 1934 Pe·

124 1948 196 2007 riodi,
212 1947 239 1996 ad
254 1961 320 2012 quam
334 1945 519 2012 Epistol-telique
534 1949 644 2011 pertinet,
660 1948 771 1997 delineare
786 1948 868 1998 statum
888 1951 933 1998 Ee

124 2012 202 2061 clesrae
217 2011 359 2069 interiorem3
374 2009 457 2075 purtim
474 2010 553 2071 etiam,
571 2009 671 2061 salutaria
681 2011 734 2059 dare
743 2013 831 2062 monita
845 2025 868 2060 et
879 2029 933 2062 con·

126 2077 171 2125 filia
186 2076 209 2124 in
223 2075 337 2132 futurum3
352 2072 399 2123 stuc
415 2086 440 2122 ut
454 2074 584 2124 muniantur
599 2087 679 2124 contra
689 2074 835 2138 afflictiones,
851 2077 898 2129 sive
908 2077 936 2129 ad

126 2138 311 2206 Refipiscentitrm
327 2138 494 2203 compellanturss
581 2157 583 2160 ·
818 2165 819 2168 =
930 2137 932 2144 ’

357 2211 383 2258 ῃ.
405 2202 441 2251 Ex
471 2218 516 2266 quo
541 2202 670 2268 colligitur,
707 2220 755 2254 non
780 2204 886 2270 quicquid
911 2206 936 2255 in

101 2285 103 2287 ’
126 2267 231 2334 Epistolis
246 2265 357 2328 occurrit,
373 2266 400 2316 ed
416 2267 464 2330 ejus
480 2267 505 2315 in
520 2265 595 2330 specie
615 2265 704 2316 Periodi
724 2270 847 2318 Ecclesmnr
866 2271 937 2334 perti·

128 2348 193 2390 nere3
210 2332 247 2381 sed
263 2333 285 2380 'et
300 2331 408 2395 quaedam
424 2330 543 2378 continere
557 2329 632 2393 posse,
648 2345 705 2394 quae
720 2333 836 2396 pertinent
852 2336 878 2383 ad
893 2336 935 2385 Pea

128 2393 216 2441 riodurn
231 2397 369 2458 sequentem.
396 2395 453 2441 Cunr
470 2396 532 2442 enirn
547 2394 646 2443 Ecclesia
663 2395 778 2446 Catholica
793 2396 820 2445 srt
835 2413 890 2457 una,
912 2409 934 2445 et
996 2417 998 2422 ¹

128 2453 228 2503 tliuersne
243 2459 286 2506 {int
302 2460 350 2521 ejus
360 2456 460 2517 Periodi,
476 2469 546 2570 cerr&
551 2458 616 2525 unius
626 2456 716 2509 Periodi
726 2461 825 2511 Ecclesia
835 2461 896 2508 reeie
906 2459 934 2508 de

563 2535 577 2570 2
848 2523 938 2574 litturae
