2173 2960
439 172 441 174 Ι
460 185 561 235 Periodut
583 180 610 229 V.
887 190 932 246 179

160 308 180 372 h.
198 308 277 357 citii.
349 303 419 352 Nunc
435 301 463 350 de
480 299 604 351 Tibicinio
621 299 653 348 V.
671 297 704 346 est
719 298 836 350 dicendum
853 303 927 366 Apoc.

126 371 167 420 IX:
187 389 206 422 1.
224 366 361 431 Latmiorum
374 366 520 424 charasteies,
538 382 550 412 e
566 363 644 428 quibus
659 363 686 409 de
701 363 765 411 sensu
775 368 930 416 emblematico

124 436 268 499 judicandum
289 429 333 488 est,
350 429 465 491 stqiientes
485 429 529 475 sele
546 428 645 475 offerunt
665 426 780 489 praecipui
804 443 823 476 i.
844 431 927 478 Pilatus

126 499 172 559 eli,
188 499 223 562 qui
234 498 261 544 ad
272 508 338 542 artum
350 492 425 538 ear'um
435 491 531 554 spetiei,
548 505 584 536 eas
594 503 622 537 ex
633 489 715 553 ohqffo,
728 493 819 554 ejusque
835 492 926 541 densis-si·

124 579 163 609 ino
179 563 257 618 suino,
273 572 318 604 non
334 555 409 618 itaque
425 555 453 601 de
473 552 598 617 longinquis
613 552 670 610 orit,
692 553 801 618 originem
818 554 928 615 habuisse,

124 626 186 672 simul
201 626 310 678 Satanae,
331 617 403 681 angeli
420 618 500 681 abyssi,
517 615 630 679 mancipia
650 615 706 676 else,
722 630 745 664 et
761 618 788 665 ab
805 633 832 667 eo
853 617 928 681 dirigi:

63 731 65 734 ,
124 689 179 735 vers.
199 703 220 747 3,
245 700 282 732 11.
316 698 336 730 a.
354 685 460 729 bestiolas
477 681 555 739 habet,
571 678 655 728 dedisse
670 678 696 726 iis
713 681 811 740 exitum,
827 681 928 745 adeoque

123 749 263 798 occasionem
275 759 297 793 et
306 746 438 810 potestatem
449 745 556 809 grassandi
571 744 596 791 in
606 756 662 791 terra
671 744 794 807 praebuisse
804 761 826 793 et
837 762 929 794 conces-

126 812 189 871 sisse,
202 813 290 859 Stellam
302 811 407 873 aliquam,
424 826 479 872 quac
495 825 541 857 non
558 820 625 865 tunt,
641 807 677 854 sed
689 810 736 872 jam
752 822 817 858 antea
837 825 849 856 e
864 812 929 859 coelo

122 876 246 933 ceeitlerut,
259 887 281 921 et
291 876 369 924 claein
384 874 451 936 abilii
462 874 568 930 habebat,
578 870 684 934 adeoque
695 873 800 922 illustrem
811 887 833 921 et
844 887 925 937 poten-

122 952 168 988 tem
184 939 323 995 Dotiorem,
340 938 400 985 simul
412 936 550 995 Dominum,
566 933 676 998 potestate
690 937 813 998 praeditum
823 955 829 995 ς
841 939 879 1000 qui
895 941 926 988 di-

121 1004 197 1053 vinam
218 1003 258 1050 fibi
278 1002 396 1064 adrogabat
419 1000 528 1063 originem
550 1011 573 1046 et
590 998 730 1047 autoritatem
746 1001 827 1064 ligandi
843 1017 868 1050 ac
884 1002 924 1051 sol-

122 1065 344 1127 veneli5ver123ti0.
384 1064 467 1111 Tanai
485 1079 506 1125 3.
524 1063 639 1121 continet,
660 1078 695 1110 eas
715 1079 761 1112 nori
782 1078 865 1124 torua,
887 1066 926 1115 seu

120 1130 218 1195 gramini
232 1141 269 1177 aut
285 1126 410 1186 arboribus,
422 1139 446 1173 ut
468 1126 539 1174 solent
554 1127 643 1190 proprie
663 1126 734 1174 dietae
758 1128 866 1187 locustae,
887 1147 926 1179 ve.

120 1210 170 1242 rum
186 1188 317 1250 staminibus,
334 1207 376 1239 nec
392 1189 592 1254 qualibuscunque,
609 1190 646 1238 sed
665 1189 705 1252 qui
720 1206 759 1252 per
775 1191 821 1239 Dei
835 1194 928 1255 permis.

121 1258 206 1305 sionem
226 1256 249 1303 in
271 1271 349 1302 eorum
364 1270 441 1302 manus
461 1254 599 1312 inciderent,
614 1252 742 1303 infestandis
758 1253 801 1302 else
812 1254 929 1307 destinatas

121 1320 177 1371 vers.
194 1335 216 1379 4.
240 1318 298 1384 'Qui
314 1318 428 1366 characier
442 1332 470 1365 eo
486 1317 560 1378 ducit,
581 1324 606 1366 ut
618 1320 713 1380 partim,
735 1334 783 1367 iion
799 1318 827 1366 de
842 1320 926 1386 sacristis

122 1382 285 1439 animantibus,
306 1381 343 1429 sed
359 1380 531 1440 einblematicis,
557 1380 595 1430 seu
611 1382 716 1430 societate
732 1381 849 1431 hominum
865 1386 927 1450 cogi·

120 1460 228 1504 taremus,
247 1448 327 1507 parilia
346 1445 373 1493 ad
389 1456 483 1506 ternpus,
500 1460 545 1508 quo
565 1446 724 1510 grassarentur,
742 1446 926 1510 adtenderemus,

117 1510 170 1560 illul
187 1508 305 1566 nimirum,
321 1523 366 1571 quo
387 1510 449 1556 Deus
469 1524 575 1570 magnam
601 1509 716 1557 hominum
732 1509 822 1573 copiam
843 1526 871 1561 eii
891 1514 931 1575 J·

120 1574 177 1623 dieis
193 1585 215 1620 er
231 1571 352 1630 Gentibus,
363 1571 427 1634 ssgao
442 1572 553 1622 frontibus
568 1572 679 1636 inpresso,
696 1573 808 1636 praestare
823 1577 876 1624 velit
887 1578 925 1627 sal-

120 1652 173 1685 vos:
195 1636 254 1700 quod
274 1646 363 1697 tempus
382 1651 430 1699 cap.
454 1636 510 1684 Vll.
528 1636 628 1698 expresse
644 1638 762 1686 definitum
779 1637 826 1698 est;
837 1638 865 1688 de
880 1657 925 1704 quo

120 1702 183 1761 supra
200 1697 303 1760 exposui,
316 1702 398 1759 partiar
413 1699 508 1761 denique
523 1699 642 1748 laesionem
657 1700 789 1761 hominum,
810 1705 837 1753 ab
852 1703 878 1750 iis
892 1706 925 1752 sa·

119 1762 234 1820 ciersdam,
247 1761 434 1823 circumscriptam
445 1762 489 1809 ess'e
499 1779 512 1810 a
522 1761 587 1822 Deo,
600 1766 692 1827 ejusque
701 1764 822 1827 subjetiam
836 1765 924 1817 ‹iaetu-

121 1825 166 1874 oui.
200 1826 235 1871 Eri
251 1840 295 1887 quo
310 1824 372 1871 simul
388 1823 504 1883 elucescit,
520 1824 594 1872 minus
608 1825 676 1874 solide
696 1826 751 1874 hinc
771 1827 861 1891 colligi,
884 1832 922 1880 vel

120 1903 210 1947 omnes,
228 1889 261 1934 vel
272 1886 342 1943 solos,
355 1886 423 1934 eximi
433 1886 529 1947 purioris
544 1888 657 1952 religionis
672 1888 819 1940 consessores:
836 1891 923 1956 inpresv.

120 1953 152 2001 lio
168 1952 226 1997 enirn
236 1950 297 2012 figas
312 1949 394 2012 phrasis
415 1949 447 1996 est
463 1952 573 2014 figurata,
598 1967 655 2016 quae
673 1951 828 2004 liberationem
844 1957 925 2010 abillo

121 2015 179 2064 malo
190 2012 315 2076 simpliciter
326 2012 480 2072 denotat,uti
495 2030 523 2062 eir
534 2015 616 2065 Ezech.
631 2016 673 2065 IX.
690 2016 736 2079 Ap.v
752 2018 804 2065 VH
818 2029 841 2067 et
855 2020 925 2071 aliun-

121 2076 215 2136 desitis
229 2089 296 2139 putet.
329 2091 352 2136 4.
368 2077 465 2144 Quiriti
484 2078 597 2126 character
607 2079 702 2128 locustas
718 2080 809 2129 exhibet
824 2097 838 2128 a
847 2083 927 2147 fatie,

122 2156 144 2192 et
159 2139 267 2190 anteriore
283 2152 356 2204 parte,
372 2140 508 2202 splendidas,
523 2142 627 2201 illustres,
643 2141 772 2204 honoratas,
790 2143 852 2194 simul
869 2149 928 2199 blann

123 2208 173 2263 das,
195 2203 283 2268 seseque
298 2202 364 2251 fertile
386 2204 408 2251 io
423 2204 517 2253 aliorum
533 2205 617 2253 animos
627 2205 776 2268 insinuantes,
791 2208 865 2260 sedet
880 2213 927 2262 sor·

122 2269 235 2323 midabiles
255 2282 280 2315 ac
300 2279 386 2315 metum
407 2266 452 2316 aliis
472 2268 615 2329 incutientes,
637 2284 663 2319 ac
684 2271 710 2318 ad
730 2271 757 2319 iis
778 2273 929 2328 obediendum

121 2332 295 2396 compellentem
317 2331 354 2378 secl
369 2348 382 2379 a
395 2330 508 2396 postet-nia
530 2346 593 2396 parte
612 2332 720 2381 terribiles
739 2336 816 2397 plane,
833 2350 856 2386 et
876 2358 926 2393 aia-

124 2399 206 2451 mim,
223 2394 334 2458 potestate
349 2395 450 2443 laedendi
465 2396 594 2446 instructas:
615 2396 671 2449 vers.
689 2412 712 2457 7,
730 2404 751 2459 3.
787 2414 809 2460 5.
833 2403 929 2471 Quini

123 2471 158 2503 eas
174 2458 227 2508 sistit
244 2474 289 2508 cuia
306 2457 456 2519 iiiiincibiles,
474 2462 550 2510 contra
561 2476 651 2509 onmem
661 2461 780 2514 laesionem
796 2475 819 2514 et
828 2467 928 2519 hostilem

128 2521 129 2524 ’
537 2524 585 2573 Za
820 2530 930 2592 inpetum
