<?xml version="1.0" encoding="UTF-8"?>
<!DOCTYPE html PUBLIC "-//W3C//DTD XHTML 1.0 Transitional//EN"
    "http://www.w3.org/TR/xhtml1/DTD/xhtml1-transitional.dtd">
<html xmlns="http://www.w3.org/1999/xhtml" xml:lang="en" lang="en">
 <head>
  <title>
</title>
<meta http-equiv="Content-Type" content="text/html;charset=utf-8" />
  <meta name='ocr-system' content='tesseract 3.04.00' />
  <meta name='ocr-capabilities' content='ocr_page ocr_carea ocr_par ocr_line ocrx_word'/>
</head>
<body>
  <div class='ocr_page' id='page_1' title='image "MN40360ucmf_0_0272.png"; bbox 0 0 2173 2960; ppageno 0'>
   <div class='ocr_carea' id='block_1_1' title="bbox 165 196 757 263">
    <p class='ocr_par' dir='ltr' id='par_1_1' title="bbox 165 196 757 263">
     <span class='ocr_line' id='line_1_1' title="bbox 165 196 757 263; baseline 0.002 -17"><span class='ocrx_word' id='word_1_1' title='bbox 165 214 212 263; x_wconf 65' lang='lat'>24²</span> <span class='ocrx_word' id='word_1_2' title='bbox 384 196 457 247; x_wconf 79' lang='lat' dir='ltr'>Sermo</span> <span class='ocrx_word' id='word_1_3' title='bbox 471 198 617 248; x_wconf 74' lang='lat' dir='ltr'>&#39;Academicus</span> <span class='ocrx_word' id='word_1_4' title='bbox 638 198 757 249; x_wconf 66' lang='lat' dir='ltr'>Sertorius.-</span> 
     </span>
    </p>
   </div>
   <div class='ocr_carea' id='block_1_2' title="bbox 154 349 1069 2632">
    <p class='ocr_par' dir='ltr' id='par_1_2' title="bbox 154 349 1069 2632">
     <span class='ocr_line' id='line_1_2' title="bbox 168 349 977 421; baseline 0.006 -16"><span class='ocrx_word' id='word_1_5' title='bbox 168 358 211 408; x_wconf 82' lang='lat' dir='ltr'>Xl.</span> <span class='ocrx_word' id='word_1_6' title='bbox 226 349 273 420; x_wconf 77' lang='lat' dir='ltr'>jain</span> <span class='ocrx_word' id='word_1_7' title='bbox 289 354 474 415; x_wconf 78' lang='lat' dir='ltr'>Antichristiano,</span> <span class='ocrx_word' id='word_1_8' title='bbox 491 370 543 403; x_wconf 85' lang='lat' dir='ltr'>cunr</span> <span class='ocrx_word' id='word_1_9' title='bbox 557 353 643 402; x_wconf 84' lang='lat' dir='ltr'>adhoc</span> <span class='ocrx_word' id='word_1_10' title='bbox 658 370 728 419; x_wconf 86' lang='lat' dir='ltr'>usque</span> <span class='ocrx_word' id='word_1_11' title='bbox 742 367 829 421; x_wconf 86' lang='lat' dir='ltr'>tempus</span> <span class='ocrx_word' id='word_1_12' title='bbox 845 358 913 407; x_wconf 88' lang='lat' dir='ltr'>firmo</span> <span class='ocrx_word' id='word_1_13' title='bbox 934 360 977 411; x_wconf 77' lang='lat' dir='ltr'>ne-</span> 
     </span>
     <span class='ocr_line' id='line_1_3' title="bbox 170 418 981 486; baseline 0.002 -16"><span class='ocrx_word' id='word_1_14' title='bbox 170 421 224 471; x_wconf 84' lang='lat' dir='ltr'>terit</span> <span class='ocrx_word' id='word_1_15' title='bbox 240 421 299 481; x_wconf 79' lang='lat' dir='ltr'>tulo,</span> <span class='ocrx_word' id='word_1_16' title='bbox 320 435 361 468; x_wconf 85' lang='lat' dir='ltr'>nee</span> <span class='ocrx_word' id='word_1_17' title='bbox 382 418 502 474; x_wconf 77' lang='lat' dir='ltr'>eversionis</span> <span class='ocrx_word' id='word_1_18' title='bbox 522 419 570 482; x_wconf 90' lang='lat' dir='ltr'>spes</span> <span class='ocrx_word' id='word_1_19' title='bbox 585 418 710 482; x_wconf 77' lang='lat' dir='ltr'>adlulgeot3</span> <span class='ocrx_word' id='word_1_20' title='bbox 739 422 774 468; x_wconf 88' lang='lat' dir='ltr'>cui</span> <span class='ocrx_word' id='word_1_21' title='bbox 801 437 847 471; x_wconf 87' lang='lat' dir='ltr'>non</span> <span class='ocrx_word' id='word_1_22' title='bbox 879 423 981 486; x_wconf 79' lang='lat' dir='ltr'>portenti</span> 
     </span>
     <span class='ocr_line' id='line_1_4' title="bbox 169 482 981 547; baseline 0.001 -12"><span class='ocrx_word' id='word_1_23' title='bbox 169 485 240 535; x_wconf 82' lang='lat' dir='ltr'>instar</span> <span class='ocrx_word' id='word_1_24' title='bbox 255 483 355 533; x_wconf 77' lang='lat' dir='ltr'>videatur·</span> <span class='ocrx_word' id='word_1_25' title='bbox 370 496 457 532; x_wconf 85' lang='lat' dir='ltr'>tantvm</span> <span class='ocrx_word' id='word_1_26' title='bbox 473 482 579 547; x_wconf 86' lang='lat' dir='ltr'>temporis</span> <span class='ocrx_word' id='word_1_27' title='bbox 595 482 707 546; x_wconf 71' lang='lat' dir='ltr'>spatium?</span> <span class='ocrx_word' id='word_1_28' title='bbox 731 484 768 533; x_wconf 89' lang='lat' dir='ltr'>sed</span> <span class='ocrx_word' id='word_1_29' title='bbox 789 485 845 533; x_wconf 83' lang='lat' dir='ltr'>haec</span> <span class='ocrx_word' id='word_1_30' title='bbox 866 487 981 536; x_wconf 77' lang='lat' dir='ltr'>difficultas</span> 
     </span>
     <span class='ocr_line' id='line_1_5' title="bbox 172 546 978 611; baseline 0.001 -13"><span class='ocrx_word' id='word_1_31' title='bbox 172 566 219 598; x_wconf 92' lang='lat' dir='ltr'>non</span> <span class='ocrx_word' id='word_1_32' title='bbox 236 548 268 596; x_wconf 77' lang='lat' dir='ltr'>etl</span> <span class='ocrx_word' id='word_1_33' title='bbox 283 563 312 595; x_wconf 81' lang='lat' dir='ltr'>ex</span> <span class='ocrx_word' id='word_1_34' title='bbox 327 547 440 607; x_wconf 69' lang='lat' dir='ltr'>menimis,</span> <span class='ocrx_word' id='word_1_35' title='bbox 457 547 511 611; x_wconf 87' lang='lat' dir='ltr'>quin</span> <span class='ocrx_word' id='word_1_36' title='bbox 527 546 592 594; x_wconf 76' lang='lat' dir='ltr'>setlle</span> <span class='ocrx_word' id='word_1_37' title='bbox 607 546 733 607; x_wconf 79' lang='lat' dir='ltr'>evanescet,</span> <span class='ocrx_word' id='word_1_38' title='bbox 750 564 801 596; x_wconf 82' lang='lat' dir='ltr'>curn</span> <span class='ocrx_word' id='word_1_39' title='bbox 817 548 978 611; x_wconf 78' lang='lat' dir='ltr'>observavero,</span> 
     </span>
     <span class='ocr_line' id='line_1_6' title="bbox 173 609 981 678; baseline 0.002 -17"><span class='ocrx_word' id='word_1_40' title='bbox 173 613 293 677; x_wconf 87' lang='lat' dir='ltr'>periodum</span> <span class='ocrx_word' id='word_1_41' title='bbox 308 611 506 659; x_wconf 82' lang='lat' dir='ltr'>Antichristiunum</span> <span class='ocrx_word' id='word_1_42' title='bbox 522 609 580 656; x_wconf 82' lang='lat' dir='ltr'>inter</span> <span class='ocrx_word' id='word_1_43' title='bbox 596 623 618 657; x_wconf 92' lang='lat' dir='ltr'>et</span> <span class='ocrx_word' id='word_1_44' title='bbox 634 611 708 659; x_wconf 89' lang='lat' dir='ltr'>sedem</span> <span class='ocrx_word' id='word_1_45' title='bbox 725 612 828 675; x_wconf 79' lang='lat' dir='ltr'>Pop&#39;nlenr</span> <span class='ocrx_word' id='word_1_46' title='bbox 843 615 913 678; x_wconf 86' lang='lat' dir='ltr'>probe</span> <span class='ocrx_word' id='word_1_47' title='bbox 934 614 981 663; x_wconf 80' lang='lat' dir='ltr'>elle</span> 
     </span>
     <span class='ocr_line' id='line_1_7' title="bbox 173 672 982 739; baseline 0.002 -14"><span class='ocrx_word' id='word_1_48' title='bbox 173 676 368 739; x_wconf 78' lang='lat' dir='ltr'>distinguendum:</span> <span class='ocrx_word' id='word_1_49' title='bbox 384 676 438 723; x_wconf 84' lang='lat' dir='ltr'>haee</span> <span class='ocrx_word' id='word_1_50' title='bbox 453 673 543 736; x_wconf 88' lang='lat' dir='ltr'>quidem</span> <span class='ocrx_word' id='word_1_51' title='bbox 557 672 684 733; x_wconf 84' lang='lat' dir='ltr'>perseverat</span> <span class='ocrx_word' id='word_1_52' title='bbox 700 676 834 735; x_wconf 78' lang='lat' dir='ltr'>eriornnnm5</span> <span class='ocrx_word' id='word_1_53' title='bbox 851 678 889 730; x_wconf 88' lang='lat' dir='ltr'>sed</span> <span class='ocrx_word' id='word_1_54' title='bbox 904 678 939 726; x_wconf 80' lang='lat' dir='ltr'>illa</span> <span class='ocrx_word' id='word_1_55' title='bbox 955 680 982 728; x_wconf 90' lang='lat' dir='ltr'>in</span> 
     </span>
     <span class='ocr_line' id='line_1_8' title="bbox 174 735 980 797; baseline 0.002 -9"><span class='ocrx_word' id='word_1_56' title='bbox 174 739 301 796; x_wconf 82' lang='lat' dir='ltr'>reformatis</span> <span class='ocrx_word' id='word_1_57' title='bbox 311 738 427 796; x_wconf 70' lang='lat' dir='ltr'>Eeclefib,</span> <span class='ocrx_word' id='word_1_58' title='bbox 443 736 542 784; x_wconf 83' lang='lat' dir='ltr'>stabilem</span> <span class='ocrx_word' id='word_1_59' title='bbox 552 735 627 783; x_wconf 86' lang='lat' dir='ltr'>sedem</span> <span class='ocrx_word' id='word_1_60' title='bbox 638 736 721 797; x_wconf 63' lang='lat' dir='ltr'>noetis,</span> <span class='ocrx_word' id='word_1_61' title='bbox 733 738 796 788; x_wconf 82' lang='lat' dir='ltr'>finita</span> <span class='ocrx_word' id='word_1_62' title='bbox 808 741 852 790; x_wconf 85' lang='lat' dir='ltr'>en:</span> <span class='ocrx_word' id='word_1_63' title='bbox 869 742 928 789; x_wconf 87' lang='lat' dir='ltr'>unde</span> <span class='ocrx_word' id='word_1_64' title='bbox 939 758 980 790; x_wconf 92' lang='lat' dir='ltr'>no-</span> 
     </span>
     <span class='ocr_line' id='line_1_9' title="bbox 172 798 983 867; baseline 0.001 -15"><span class='ocrx_word' id='word_1_65' title='bbox 172 820 202 852; x_wconf 81' lang='lat' dir='ltr'>va</span> <span class='ocrx_word' id='word_1_66' title='bbox 217 801 307 849; x_wconf 88' lang='lat' dir='ltr'>initium</span> <span class='ocrx_word' id='word_1_67' title='bbox 321 800 396 848; x_wconf 82' lang='lat' dir='ltr'>surnfit</span> <span class='ocrx_word' id='word_1_68' title='bbox 411 799 529 865; x_wconf 87' lang='lat' dir='ltr'>periodus,</span> <span class='ocrx_word' id='word_1_69' title='bbox 550 812 611 863; x_wconf 78' lang='lat' dir='ltr'>quae</span> <span class='ocrx_word' id='word_1_70' title='bbox 620 798 745 849; x_wconf 76' lang='lat' dir='ltr'>libertatem</span> <span class='ocrx_word' id='word_1_71' title='bbox 761 802 815 850; x_wconf 92' lang='lat' dir='ltr'>fidei</span> <span class='ocrx_word' id='word_1_72' title='bbox 830 813 856 851; x_wconf 69' lang='lat' dir='ltr'>et·</span> <span class='ocrx_word' id='word_1_73' title='bbox 867 804 983 867; x_wconf 84' lang='lat' dir='ltr'>religionis</span> 
     </span>
     <span class='ocr_line' id='line_1_10' title="bbox 172 861 983 927; baseline 0.002 -13"><span class='ocrx_word' id='word_1_74' title='bbox 172 864 310 924; x_wconf 80' lang='lat' dir='ltr'>restitutam,</span> <span class='ocrx_word' id='word_1_75' title='bbox 326 876 349 912; x_wconf 90' lang='lat' dir='ltr'>et</span> <span class='ocrx_word' id='word_1_76' title='bbox 365 865 412 913; x_wconf 91' lang='lat' dir='ltr'>vim</span> <span class='ocrx_word' id='word_1_77' title='bbox 424 861 556 912; x_wconf 84' lang='lat' dir='ltr'>Antielnilli</span> <span class='ocrx_word' id='word_1_78' title='bbox 571 861 691 926; x_wconf 81' lang='lat' dir='ltr'>repressam</span> <span class='ocrx_word' id='word_1_79' title='bbox 702 900 709 922; x_wconf 92' lang='lat'>,</span> <span class='ocrx_word' id='word_1_80' title='bbox 720 879 762 927; x_wconf 89' lang='lat' dir='ltr'>pro</span> <span class='ocrx_word' id='word_1_81' title='bbox 774 866 900 915; x_wconf 66' lang='lat' dir='ltr'>chamelere</span> <span class='ocrx_word' id='word_1_82' title='bbox 910 867 983 916; x_wconf 91' lang='lat' dir='ltr'>dorni-</span> 
     </span>
     <span class='ocr_line' id='line_1_11' title="bbox 173 926 981 993; baseline 0.004 -16"><span class='ocrx_word' id='word_1_83' title='bbox 173 942 241 990; x_wconf 77' lang='lat' dir='ltr'>rmnte</span> <span class='ocrx_word' id='word_1_84' title='bbox 257 927 457 992; x_wconf 58' lang='lat' dir='ltr'>babet3&#39;perindus</span> <span class='ocrx_word' id='word_1_85' title='bbox 472 926 522 986; x_wconf 87' lang='lat' dir='ltr'>est,</span> <span class='ocrx_word' id='word_1_86' title='bbox 544 941 585 988; x_wconf 80' lang='lat' dir='ltr'>qua</span> <span class='ocrx_word' id='word_1_87' title='bbox 606 938 715 989; x_wconf 80' lang='lat' dir='ltr'>martyres</span> <span class='ocrx_word' id='word_1_88' title='bbox 732 927 853 979; x_wconf 74' lang='lat' dir='ltr'>vindieram</span> <span class='ocrx_word' id='word_1_89' title='bbox 869 932 981 993; x_wconf 78' lang='lat' dir='ltr'>clamant,</span> 
     </span>
     <span class='ocr_line' id='line_1_12' title="bbox 172 988 981 1057; baseline 0.001 -16"><span class='ocrx_word' id='word_1_90' title='bbox 172 1005 196 1042; x_wconf 86' lang='lat' dir='ltr'>et</span> <span class='ocrx_word' id='word_1_91' title='bbox 211 991 351 1056; x_wconf 86' lang='lat' dir='ltr'>requiescunt</span> <span class='ocrx_word' id='word_1_92' title='bbox 367 990 426 1047; x_wconf 86' lang='lat' dir='ltr'>stolis</span> <span class='ocrx_word' id='word_1_93' title='bbox 439 989 495 1040; x_wconf 57' lang='lat' dir='ltr'>&gt;albis</span> <span class='ocrx_word' id='word_1_94' title='bbox 511 988 597 1049; x_wconf 66' lang='lat' dir='ltr'>arnibli,</span> <span class='ocrx_word' id='word_1_95' title='bbox 614 990 738 1055; x_wconf 80' lang='lat' dir='ltr'>insignum</span> <span class='ocrx_word' id='word_1_96' title='bbox 755 993 875 1057; x_wconf 85' lang='lat' dir='ltr'>triumphi,</span> <span class='ocrx_word' id='word_1_97' title='bbox 893 995 981 1044; x_wconf 88' lang='lat' dir='ltr'>velim·</span> 
     </span>
     <span class='ocr_line' id='line_1_13' title="bbox 172 1054 983 1120; baseline 0.002 -16"><span class='ocrx_word' id='word_1_98' title='bbox 172 1069 273 1120; x_wconf 74' lang='lat' dir='ltr'>petraeae</span> <span class='ocrx_word' id='word_1_99' title='bbox 288 1056 404 1115; x_wconf 78' lang='lat' dir='ltr'>libertatis,</span> <span class='ocrx_word' id='word_1_100' title='bbox 426 1070 467 1118; x_wconf 91' lang='lat' dir='ltr'>pro</span> <span class='ocrx_word' id='word_1_101' title='bbox 484 1069 527 1118; x_wconf 79' lang='lat' dir='ltr'>qun</span> <span class='ocrx_word' id='word_1_102' title='bbox 538 1065 665 1114; x_wconf 78' lang='lat' dir='ltr'>certarunt,</span> <span class='ocrx_word' id='word_1_103' title='bbox 681 1067 704 1102; x_wconf 89' lang='lat' dir='ltr'>et</span> <span class='ocrx_word' id='word_1_104' title='bbox 718 1054 847 1120; x_wconf 82' lang='lat' dir='ltr'>sangumem</span> <span class='ocrx_word' id='word_1_105' title='bbox 861 1058 983 1119; x_wconf 77' lang='lat' dir='ltr'>fuderunt3</span> 
     </span>
     <span class='ocr_line' id='line_1_14' title="bbox 172 1117 984 1187; baseline 0.004 -19"><span class='ocrx_word' id='word_1_106' title='bbox 172 1132 198 1168; x_wconf 87' lang='lat' dir='ltr'>ut</span> <span class='ocrx_word' id='word_1_107' title='bbox 208 1124 303 1184; x_wconf 78' lang='lat' dir='ltr'>priorum</span> <span class='ocrx_word' id='word_1_108' title='bbox 314 1120 380 1169; x_wconf 79' lang='lat' dir='ltr'>lraber</span> <span class='ocrx_word' id='word_1_109' title='bbox 392 1119 497 1183; x_wconf 83' lang='lat' dir='ltr'>Sigillum.</span> <span class='ocrx_word' id='word_1_110' title='bbox 531 1117 638 1165; x_wconf 87' lang='lat' dir='ltr'>Periodus</span> <span class='ocrx_word' id='word_1_111' title='bbox 654 1117 729 1181; x_wconf 85' lang='lat' dir='ltr'>viget,</span> <span class='ocrx_word' id='word_1_112' title='bbox 744 1118 767 1167; x_wconf 91' lang='lat' dir='ltr'>in</span> <span class='ocrx_word' id='word_1_113' title='bbox 783 1136 825 1183; x_wconf 82' lang='lat' dir='ltr'>qua</span> <span class='ocrx_word' id='word_1_114' title='bbox 840 1121 883 1187; x_wconf 79' lang='lat' dir='ltr'>est,</span> <span class='ocrx_word' id='word_1_115' title='bbox 906 1133 928 1170; x_wconf 89' lang='lat' dir='ltr'>et</span> <span class='ocrx_word' id='word_1_116' title='bbox 942 1138 984 1172; x_wconf 78' lang='lat' dir='ltr'>uon</span> 
     </span>
     <span class='ocr_line' id='line_1_15' title="bbox 173 1181 985 1251; baseline 0.004 -19"><span class='ocrx_word' id='word_1_117' title='bbox 173 1184 205 1249; x_wconf 74' lang='lat' dir='ltr'>est</span> <span class='ocrx_word' id='word_1_118' title='bbox 219 1183 382 1242; x_wconf 79' lang='lat' dir='ltr'>Antichristus,</span> <span class='ocrx_word' id='word_1_119' title='bbox 397 1195 422 1230; x_wconf 90' lang='lat' dir='ltr'>nt</span> <span class='ocrx_word' id='word_1_120' title='bbox 438 1183 485 1245; x_wconf 84' lang='lat' dir='ltr'>ejus</span> <span class='ocrx_word' id='word_1_121' title='bbox 501 1181 684 1251; x_wconf 29' lang='lat' dir='ltr'>aenigmaltenet</span> <span class='ocrx_word' id='word_1_122' title='bbox 698 1183 743 1246; x_wconf 85' lang='lat' dir='ltr'>np.</span> <span class='ocrx_word' id='word_1_123' title='bbox 761 1183 840 1233; x_wconf 83' lang='lat' dir='ltr'>XVII.</span> <span class='ocrx_word' id='word_1_124' title='bbox 861 1201 905 1250; x_wconf 76' lang='lat' dir='ltr'>qua</span> <span class='ocrx_word' id='word_1_125' title='bbox 919 1186 985 1241; x_wconf 70' lang='lat' dir='ltr'>finita¹</span> 
     </span>
     <span class='ocr_line' id='line_1_16' title="bbox 154 1244 983 1312; baseline 0 -14"><span class='ocrx_word' id='word_1_126' title='bbox 154 1283 155 1287; x_wconf 65' lang='lat'>,</span> <span class='ocrx_word' id='word_1_127' title='bbox 173 1252 250 1298; x_wconf 88' lang='lat' dir='ltr'>denuo</span> <span class='ocrx_word' id='word_1_128' title='bbox 267 1262 296 1295; x_wconf 75' lang='lat' dir='ltr'>err</span> <span class='ocrx_word' id='word_1_129' title='bbox 311 1247 387 1310; x_wconf 79' lang='lat' dir='ltr'>abysso</span> <span class='ocrx_word' id='word_1_130' title='bbox 400 1256 546 1309; x_wconf 78' lang='lat' dir='ltr'>prorumpet,</span> <span class='ocrx_word' id='word_1_131' title='bbox 567 1255 592 1292; x_wconf 88' lang='lat' dir='ltr'>ut</span> <span class='ocrx_word' id='word_1_132' title='bbox 607 1245 637 1292; x_wconf 89' lang='lat' dir='ltr'>rb.</span> <span class='ocrx_word' id='word_1_133' title='bbox 647 1244 746 1294; x_wconf 86' lang='lat' dir='ltr'>dieitur:</span> <span class='ocrx_word' id='word_1_134' title='bbox 763 1245 791 1294; x_wconf 89' lang='lat' dir='ltr'>de</span> <span class='ocrx_word' id='word_1_135' title='bbox 806 1264 851 1311; x_wconf 92' lang='lat' dir='ltr'>qno</span> <span class='ocrx_word' id='word_1_136' title='bbox 865 1250 927 1312; x_wconf 85' lang='lat' dir='ltr'>plura</span> <span class='ocrx_word' id='word_1_137' title='bbox 943 1266 983 1298; x_wconf 89' lang='lat' dir='ltr'>ve·</span> 
     </span>
     <span class='ocr_line' id='line_1_17' title="bbox 173 1306 983 1374; baseline 0.002 -14"><span class='ocrx_word' id='word_1_138' title='bbox 173 1325 206 1374; x_wconf 82' lang='lat' dir='ltr'>tut</span> <span class='ocrx_word' id='word_1_139' title='bbox 220 1325 310 1374; x_wconf 87' lang='lat' dir='ltr'>ternpus</span> <span class='ocrx_word' id='word_1_140' title='bbox 325 1311 431 1373; x_wconf 83' lang='lat' dir='ltr'>proferre.</span> <span class='ocrx_word' id='word_1_141' title='bbox 465 1309 543 1357; x_wconf 80' lang='lat' dir='ltr'>Altera</span> <span class='ocrx_word' id='word_1_142' title='bbox 559 1306 690 1368; x_wconf 80' lang='lat' dir='ltr'>difficultas,</span> <span class='ocrx_word' id='word_1_143' title='bbox 707 1324 776 1372; x_wconf 85' lang='lat' dir='ltr'>quae,</span> <span class='ocrx_word' id='word_1_144' title='bbox 799 1311 816 1358; x_wconf 87' lang='lat' dir='ltr'>sr</span> <span class='ocrx_word' id='word_1_145' title='bbox 832 1311 860 1359; x_wconf 84' lang='lat' dir='ltr'>ad</span> <span class='ocrx_word' id='word_1_146' title='bbox 879 1312 983 1362; x_wconf 83' lang='lat' dir='ltr'>Christia-</span> 
     </span>
     <span class='ocr_line' id='line_1_18' title="bbox 176 1371 984 1437; baseline 0.001 -13"><span class='ocrx_word' id='word_1_147' title='bbox 176 1391 220 1424; x_wconf 81' lang='lat' dir='ltr'>nae</span> <span class='ocrx_word' id='word_1_148' title='bbox 230 1374 339 1437; x_wconf 75' lang='lat' dir='ltr'>religionis</span> <span class='ocrx_word' id='word_1_149' title='bbox 349 1386 451 1423; x_wconf 82' lang='lat' dir='ltr'>naturam</span> <span class='ocrx_word' id='word_1_150' title='bbox 466 1371 586 1431; x_wconf 86' lang='lat' dir='ltr'>referatur,</span> <span class='ocrx_word' id='word_1_151' title='bbox 603 1371 692 1435; x_wconf 81' lang='lat' dir='ltr'>prorsus</span> <span class='ocrx_word' id='word_1_152' title='bbox 703 1372 735 1419; x_wconf 85' lang='lat' dir='ltr'>est</span> <span class='ocrx_word' id='word_1_153' title='bbox 745 1372 876 1434; x_wconf 84' lang='lat' dir='ltr'>insolubilis,</span> <span class='ocrx_word' id='word_1_154' title='bbox 888 1377 984 1426; x_wconf 87' lang='lat' dir='ltr'>multum</span> 
     </span>
     <span class='ocr_line' id='line_1_19' title="bbox 175 1434 984 1504; baseline 0.002 -16"><span class='ocrx_word' id='word_1_155' title='bbox 175 1439 334 1501; x_wconf 85' lang='lat' dir='ltr'>imminuetur,</span> <span class='ocrx_word' id='word_1_156' title='bbox 350 1438 366 1486; x_wconf 89' lang='lat' dir='ltr'>sr</span> <span class='ocrx_word' id='word_1_157' title='bbox 376 1436 498 1504; x_wconf 80' lang='lat' dir='ltr'>prineipir,</span> <span class='ocrx_word' id='word_1_158' title='bbox 515 1451 543 1483; x_wconf 79' lang='lat' dir='ltr'>ex</span> <span class='ocrx_word' id='word_1_159' title='bbox 557 1435 637 1498; x_wconf 87' lang='lat' dir='ltr'>quibus</span> <span class='ocrx_word' id='word_1_160' title='bbox 647 1447 696 1484; x_wconf 82' lang='lat' dir='ltr'>orta</span> <span class='ocrx_word' id='word_1_161' title='bbox 706 1434 739 1484; x_wconf 87' lang='lat' dir='ltr'>est</span> <span class='ocrx_word' id='word_1_162' title='bbox 749 1436 788 1485; x_wconf 90' lang='lat' dir='ltr'>sub</span> <span class='ocrx_word' id='word_1_163' title='bbox 798 1437 910 1503; x_wconf 80' lang='lat' dir='ltr'>religionis</span> <span class='ocrx_word' id='word_1_164' title='bbox 920 1456 984 1503; x_wconf 76' lang='lat' dir='ltr'>pree·</span> 
     </span>
     <span class='ocr_line' id='line_1_20' title="bbox 177 1497 985 1565; baseline 0.001 -13"><span class='ocrx_word' id='word_1_165' title='bbox 177 1516 241 1552; x_wconf 81' lang='lat' dir='ltr'>tentu</span> <span class='ocrx_word' id='word_1_166' title='bbox 256 1502 368 1565; x_wconf 71' lang='lat' dir='ltr'>tyrannis,</span> <span class='ocrx_word' id='word_1_167' title='bbox 381 1507 508 1564; x_wconf 62' lang='lat' dir='ltr'>»eorumque</span> <span class='ocrx_word' id='word_1_168' title='bbox 522 1497 686 1561; x_wconf 84' lang='lat' dir='ltr'>principiorum</span> <span class='ocrx_word' id='word_1_169' title='bbox 705 1500 830 1563; x_wconf 82' lang='lat' dir='ltr'>progrellus</span> <span class='ocrx_word' id='word_1_170' title='bbox 848 1504 889 1564; x_wconf 88' lang='lat' dir='ltr'>per</span> <span class='ocrx_word' id='word_1_171' title='bbox 909 1504 985 1553; x_wconf 83' lang='lat' dir='ltr'>omnia</span> 
     </span>
     <span class='ocr_line' id='line_1_21' title="bbox 175 1561 985 1632; baseline 0 -16"><span class='ocrx_word' id='word_1_172' title='bbox 175 1568 260 1626; x_wconf 82' lang='lat' dir='ltr'>secula,</span> <span class='ocrx_word' id='word_1_173' title='bbox 276 1565 305 1614; x_wconf 83' lang='lat' dir='ltr'>ad</span> <span class='ocrx_word' id='word_1_174' title='bbox 321 1567 419 1614; x_wconf 86' lang='lat' dir='ltr'>animum</span> <span class='ocrx_word' id='word_1_175' title='bbox 435 1570 585 1613; x_wconf 82' lang='lat' dir='ltr'>revocentur:</span> <span class='ocrx_word' id='word_1_176' title='bbox 608 1561 633 1610; x_wconf 91' lang='lat' dir='ltr'>in</span> <span class='ocrx_word' id='word_1_177' title='bbox 653 1577 719 1632; x_wconf 86' lang='lat' dir='ltr'>quem</span> <span class='ocrx_word' id='word_1_178' title='bbox 735 1578 841 1627; x_wconf 81' lang='lat' dir='ltr'>campum</span> <span class='ocrx_word' id='word_1_179' title='bbox 855 1565 872 1614; x_wconf 85' lang='lat' dir='ltr'><strong>fi</strong></span> <span class='ocrx_word' id='word_1_180' title='bbox 888 1583 929 1615; x_wconf 90' lang='lat' dir='ltr'>vos</span> <span class='ocrx_word' id='word_1_181' title='bbox 943 1568 985 1616; x_wconf 86' lang='lat' dir='ltr'>im·</span> 
     </span>
     <span class='ocr_line' id='line_1_22' title="bbox 174 1625 985 1691; baseline 0.001 -12"><span class='ocrx_word' id='word_1_182' title='bbox 174 1631 267 1683; x_wconf 82' lang='lat' dir='ltr'>mittere</span> <span class='ocrx_word' id='word_1_183' title='bbox 287 1631 381 1689; x_wconf 83' lang='lat' dir='ltr'>vellent,</span> <span class='ocrx_word' id='word_1_184' title='bbox 403 1627 516 1688; x_wconf 74' lang='lat' dir='ltr'>excusatio</span> <span class='ocrx_word' id='word_1_185' title='bbox 535 1626 632 1689; x_wconf 66' lang='lat' dir='ltr'>prolixae</span> <span class='ocrx_word' id='word_1_186' title='bbox 653 1625 772 1686; x_wconf 80' lang='lat' dir='ltr'>orationis,</span> <span class='ocrx_word' id='word_1_187' title='bbox 793 1643 859 1691; x_wconf 79' lang='lat' dir='ltr'>qnam</span> <span class='ocrx_word' id='word_1_188' title='bbox 881 1645 911 1678; x_wconf 91' lang='lat' dir='ltr'>ne</span> <span class='ocrx_word' id='word_1_189' title='bbox 925 1646 985 1680; x_wconf 87' lang='lat' dir='ltr'>nune</span> 
     </span>
     <span class='ocr_line' id='line_1_23' title="bbox 173 1688 985 1759; baseline 0.001 -17"><span class='ocrx_word' id='word_1_190' title='bbox 173 1695 265 1759; x_wconf 86' lang='lat' dir='ltr'>quidem</span> <span class='ocrx_word' id='word_1_191' title='bbox 280 1694 308 1755; x_wconf 79' lang='lat' dir='ltr'>ab</span> <span class='ocrx_word' id='word_1_192' title='bbox 324 1693 434 1757; x_wconf 72' lang='lat' dir='ltr'>aequitate</span> <span class='ocrx_word' id='word_1_193' title='bbox 450 1690 523 1742; x_wconf 85' lang='lat' dir='ltr'>vestra</span> <span class='ocrx_word' id='word_1_194' title='bbox 538 1689 591 1745; x_wconf 78' lang='lat' dir='ltr'>milri</span> <span class='ocrx_word' id='word_1_195' title='bbox 607 1688 740 1752; x_wconf 84' lang='lat' dir='ltr'>promittere</span> <span class='ocrx_word' id='word_1_196' title='bbox 750 1690 831 1750; x_wconf 78' lang='lat' dir='ltr'>ausim,</span> <span class='ocrx_word' id='word_1_197' title='bbox 847 1692 912 1756; x_wconf 80' lang='lat' dir='ltr'>plone</span> <span class='ocrx_word' id='word_1_198' title='bbox 931 1694 985 1744; x_wconf 89' lang='lat' dir='ltr'>ridi·</span> 
     </span>
     <span class='ocr_line' id='line_1_24' title="bbox 173 1752 1029 1817; baseline 0 -11"><span class='ocrx_word' id='word_1_199' title='bbox 173 1752 303 1807; x_wconf 80' lang='lat' dir='ltr'>erila&#39;fieret</span> <span class='ocrx_word' id='word_1_200' title='bbox 319 1767 342 1803; x_wconf 91' lang='lat' dir='ltr'>et</span> <span class='ocrx_word' id='word_1_201' title='bbox 357 1757 439 1813; x_wconf 75' lang='lat' dir='ltr'>odiosa.</span> <span class='ocrx_word' id='word_1_202' title='bbox 475 1755 508 1802; x_wconf 88' lang='lat' dir='ltr'>Sit</span> <span class='ocrx_word' id='word_1_203' title='bbox 518 1752 593 1817; x_wconf 80' lang='lat' dir='ltr'>itaque</span> <span class='ocrx_word' id='word_1_204' title='bbox 603 1753 658 1805; x_wconf 76' lang='lat' dir='ltr'>haee</span> <span class='ocrx_word' id='word_1_205' title='bbox 667 1769 733 1802; x_wconf 80' lang='lat' dir='ltr'>novoe</span> <span class='ocrx_word' id='word_1_206' title='bbox 744 1753 855 1803; x_wconf 71' lang='lat' dir='ltr'>Orationis</span> <span class='ocrx_word' id='word_1_207' title='bbox 866 1760 983 1817; x_wconf 75' lang='lat' dir='ltr'>materies3</span> <span class='ocrx_word' id='word_1_208' title='bbox 1027 1783 1029 1789; x_wconf 40' lang='lat' dir='ltr'><strong><em>s</em></strong></span> 
     </span>
     <span class='ocr_line' id='line_1_25' title="bbox 173 1816 985 1883; baseline 0.002 -13"><span class='ocrx_word' id='word_1_209' title='bbox 173 1835 197 1870; x_wconf 86' lang='lat' dir='ltr'>et</span> <span class='ocrx_word' id='word_1_210' title='bbox 212 1822 263 1879; x_wconf 87' lang='lat' dir='ltr'>loeo</span> <span class='ocrx_word' id='word_1_211' title='bbox 278 1822 436 1877; x_wconf 67' lang='lat' dir='ltr'>Friniatibus,</span> <span class='ocrx_word' id='word_1_212' title='bbox 459 1817 475 1866; x_wconf 83' lang='lat' dir='ltr'>ll</span> <span class='ocrx_word' id='word_1_213' title='bbox 491 1816 558 1866; x_wconf 79' lang='lat' dir='ltr'>taedii</span> <span class='ocrx_word' id='word_1_214' title='bbox 573 1816 771 1880; x_wconf 79' lang='lat' dir='ltr'>deprecationem,</span> <span class='ocrx_word' id='word_1_215' title='bbox 797 1819 858 1883; x_wconf 69' lang='lat' dir='ltr'>quod</span> <span class='ocrx_word' id='word_1_216' title='bbox 872 1821 985 1872; x_wconf 83' lang='lat' dir='ltr'>incomtus</span> 
     </span>
     <span class='ocr_line' id='line_1_26' title="bbox 174 1879 984 1951; baseline 0.001 -17"><span class='ocrx_word' id='word_1_217' title='bbox 174 1899 197 1939; x_wconf 84' lang='lat' dir='ltr'>et</span> <span class='ocrx_word' id='word_1_218' title='bbox 207 1888 274 1951; x_wconf 83' lang='lat' dir='ltr'>longe</span> <span class='ocrx_word' id='word_1_219' title='bbox 283 1885 409 1951; x_wconf 68' lang='lat' dir='ltr'>potianus</span> <span class='ocrx_word' id='word_1_220' title='bbox 420 1885 493 1933; x_wconf 87' lang='lat' dir='ltr'>sermo</span> <span class='ocrx_word' id='word_1_221' title='bbox 504 1880 567 1931; x_wconf 84' lang='lat' dir='ltr'>vobis</span> <span class='ocrx_word' id='word_1_222' title='bbox 577 1879 679 1945; x_wconf 85' lang='lat' dir='ltr'>peperit,</span> <span class='ocrx_word' id='word_1_223' title='bbox 697 1880 771 1945; x_wconf 80' lang='lat' dir='ltr'>aequis</span> <span class='ocrx_word' id='word_1_224' title='bbox 783 1881 870 1931; x_wconf 68' lang='lat' dir='ltr'>animis</span> <span class='ocrx_word' id='word_1_225' title='bbox 890 1901 984 1950; x_wconf 78' lang='lat' dir='ltr'>recepe·</span> 
     </span>
     <span class='ocr_line' id='line_1_27' title="bbox 176 1944 983 2013; baseline 0.001 -15"><span class='ocrx_word' id='word_1_226' title='bbox 176 1951 237 2010; x_wconf 82' lang='lat' dir='ltr'>ritis,</span> <span class='ocrx_word' id='word_1_227' title='bbox 259 1951 370 2013; x_wconf 78' lang='lat' dir='ltr'>praeclare</span> <span class='ocrx_word' id='word_1_228' title='bbox 390 1961 481 2004; x_wconf 83' lang='lat' dir='ltr'>meeum</span> <span class='ocrx_word' id='word_1_229' title='bbox 498 1945 577 1995; x_wconf 87' lang='lat' dir='ltr'>censeo</span> <span class='ocrx_word' id='word_1_230' title='bbox 597 1944 686 2005; x_wconf 71' lang='lat' dir='ltr'>astum,</span> <span class='ocrx_word' id='word_1_231' title='bbox 700 1953 723 1992; x_wconf 85' lang='lat' dir='ltr'>et</span> <span class='ocrx_word' id='word_1_232' title='bbox 743 1946 812 1994; x_wconf 78' lang='lat' dir='ltr'>laetus</span> <span class='ocrx_word' id='word_1_233' title='bbox 828 1963 854 1995; x_wconf 83' lang='lat' dir='ltr'>ae</span> <span class='ocrx_word' id='word_1_234' title='bbox 869 1948 983 2000; x_wconf 70' lang='lat' dir='ltr'>alacer&#39;ad</span> 
     </span>
     <span class='ocr_line' id='line_1_28' title="bbox 175 2009 1069 2076; baseline 0 -15"><span class='ocrx_word' id='word_1_235' title='bbox 175 2014 337 2062; x_wconf 74' lang='lat' dir='ltr'>solemnitatem</span> <span class='ocrx_word' id='word_1_236' title='bbox 357 2013 421 2076; x_wconf 78' lang='lat' dir='ltr'>liujus</span> <span class='ocrx_word' id='word_1_237' title='bbox 442 2009 487 2059; x_wconf 87' lang='lat' dir='ltr'>diei</span> <span class='ocrx_word' id='word_1_238' title='bbox 513 2009 659 2074; x_wconf 82' lang='lat' dir='ltr'>progredior3</span> <span class='ocrx_word' id='word_1_239' title='bbox 690 2024 762 2073; x_wconf 86' lang='lat' dir='ltr'>eoque</span> <span class='ocrx_word' id='word_1_240' title='bbox 783 2010 850 2059; x_wconf 82' lang='lat' dir='ltr'>etiam</span> <span class='ocrx_word' id='word_1_241' title='bbox 874 2013 984 2074; x_wconf 76' lang='lat' dir='ltr'>alacrior,</span> <span class='ocrx_word' id='word_1_242' title='bbox 1054 2065 1069 2068; x_wconf 56' lang='lat'>.„</span> 
     </span>
     <span class='ocr_line' id='line_1_29' title="bbox 176 2072 984 2142; baseline 0.001 -18"><span class='ocrx_word' id='word_1_243' title='bbox 176 2078 237 2142; x_wconf 79' lang='lat' dir='ltr'>qnod</span> <span class='ocrx_word' id='word_1_244' title='bbox 252 2077 335 2135; x_wconf 81' lang='lat' dir='ltr'>snseer,</span> <span class='ocrx_word' id='word_1_245' title='bbox 351 2078 378 2124; x_wconf 88' lang='lat' dir='ltr'>de</span> <span class='ocrx_word' id='word_1_246' title='bbox 393 2077 472 2139; x_wconf 81' lang='lat' dir='ltr'>quibus</span> <span class='ocrx_word' id='word_1_247' title='bbox 484 2074 543 2138; x_wconf 85' lang='lat' dir='ltr'>qnod</span> <span class='ocrx_word' id='word_1_248' title='bbox 559 2074 650 2133; x_wconf 87' lang='lat' dir='ltr'>dicitnr,</span> <span class='ocrx_word' id='word_1_249' title='bbox 660 2072 896 2138; x_wconf 77' lang='lat' dir='ltr'>fosrersrnrrfasrer,</span> <span class='ocrx_word' id='word_1_250' title='bbox 912 2076 935 2125; x_wconf 88' lang='lat' dir='ltr'>in</span> <span class='ocrx_word' id='word_1_251' title='bbox 946 2093 984 2128; x_wconf 88' lang='lat' dir='ltr'>me</span> 
     </span>
     <span class='ocr_line' id='line_1_30' title="bbox 177 2137 985 2202; baseline 0 -13"><span class='ocrx_word' id='word_1_252' title='bbox 177 2156 258 2190; x_wconf 87' lang='lat' dir='ltr'>verum</span> <span class='ocrx_word' id='word_1_253' title='bbox 272 2155 326 2196; x_wconf 64' lang='lat' dir='ltr'>&gt;non</span> <span class='ocrx_word' id='word_1_254' title='bbox 346 2139 402 2196; x_wconf 79' lang='lat' dir='ltr'>fuit,</span> <span class='ocrx_word' id='word_1_255' title='bbox 419 2154 471 2185; x_wconf 85' lang='lat' dir='ltr'>eum</span> <span class='ocrx_word' id='word_1_256' title='bbox 491 2154 519 2184; x_wconf 92' lang='lat' dir='ltr'>ne</span> <span class='ocrx_word' id='word_1_257' title='bbox 534 2139 611 2194; x_wconf 86' lang='lat' dir='ltr'>leviter·</span> <span class='ocrx_word' id='word_1_258' title='bbox 631 2139 721 2202; x_wconf 88' lang='lat' dir='ltr'>quidem</span> <span class='ocrx_word' id='word_1_259' title='bbox 741 2137 882 2195; x_wconf 76' lang='lat' dir='ltr'>strirnrerint</span> <span class='ocrx_word' id='word_1_260' title='bbox 895 2156 985 2201; x_wconf 85' lang='lat' dir='ltr'>manus,</span> 
     </span>
     <span class='ocr_line' id='line_1_31' title="bbox 177 2198 986 2269; baseline -0.004 -16"><span class='ocrx_word' id='word_1_261' title='bbox 177 2205 291 2269; x_wconf 86' lang='lat' dir='ltr'>deponere</span> <span class='ocrx_word' id='word_1_262' title='bbox 311 2202 390 2250; x_wconf 79' lang='lat' dir='ltr'>licent:</span> <span class='ocrx_word' id='word_1_263' title='bbox 417 2199 479 2264; x_wconf 89' lang='lat' dir='ltr'>quod</span> <span class='ocrx_word' id='word_1_264' title='bbox 499 2198 522 2245; x_wconf 86' lang='lat' dir='ltr'>in</span> <span class='ocrx_word' id='word_1_265' title='bbox 543 2200 638 2247; x_wconf 76' lang='lat' dir='ltr'>vellium</span> <span class='ocrx_word' id='word_1_266' title='bbox 659 2202 746 2247; x_wconf 73' lang='lat' dir='ltr'>laudem</span> <span class='ocrx_word' id='word_1_267' title='bbox 766 2201 850 2250; x_wconf 74' lang='lat' dir='ltr'>dietum</span> <span class='ocrx_word' id='word_1_268' title='bbox 872 2204 986 2265; x_wconf 84' lang='lat' dir='ltr'>aecipite,</span> 
     </span>
     <span class='ocr_line' id='line_1_32' title="bbox 175 2260 1046 2331; baseline -0.003 -14"><span class='ocrx_word' id='word_1_269' title='bbox 175 2268 258 2331; x_wconf 85' lang='lat' dir='ltr'>optimi</span> <span class='ocrx_word' id='word_1_270' title='bbox 272 2267 379 2331; x_wconf 85' lang='lat' dir='ltr'>juvenes!</span> <span class='ocrx_word' id='word_1_271' title='bbox 393 2278 490 2327; x_wconf 86' lang='lat' dir='ltr'>quornm</span> <span class='ocrx_word' id='word_1_272' title='bbox 502 2260 664 2323; x_wconf 67' lang='lat' dir='ltr'>diligentiorem</span> <span class='ocrx_word' id='word_1_273' title='bbox 679 2262 807 2323; x_wconf 76' lang='lat' dir='ltr'>compositis</span> <span class='ocrx_word' id='word_1_274' title='bbox 823 2265 922 2312; x_wconf 86' lang='lat' dir='ltr'>moribus</span> <span class='ocrx_word' id='word_1_275' title='bbox 942 2268 987 2314; x_wconf 84' lang='lat' dir='ltr'>hoe</span> <span class='ocrx_word' id='word_1_276' title='bbox 1044 2270 1046 2273; x_wconf 82' lang='grc'><strong>’</strong></span> 
     </span>
     <span class='ocr_line' id='line_1_33' title="bbox 176 2323 986 2394; baseline -0.006 -15"><span class='ocrx_word' id='word_1_277' title='bbox 176 2328 261 2390; x_wconf 84' lang='lat' dir='ltr'>otium,</span> <span class='ocrx_word' id='word_1_278' title='bbox 277 2348 322 2394; x_wconf 87' lang='lat' dir='ltr'>qno</span> <span class='ocrx_word' id='word_1_279' title='bbox 336 2345 374 2378; x_wconf 89' lang='lat' dir='ltr'>me</span> <span class='ocrx_word' id='word_1_280' title='bbox 392 2329 416 2376; x_wconf 90' lang='lat' dir='ltr'>in</span> <span class='ocrx_word' id='word_1_281' title='bbox 432 2325 562 2388; x_wconf 74' lang='lat' dir='ltr'>magistratu</span> <span class='ocrx_word' id='word_1_282' title='bbox 578 2323 697 2387; x_wconf 78' lang='lat' dir='ltr'>fungendo</span> <span class='ocrx_word' id='word_1_283' title='bbox 712 2324 757 2370; x_wconf 88' lang='lat' dir='ltr'>srni</span> <span class='ocrx_word' id='word_1_284' title='bbox 772 2324 852 2383; x_wconf 87' lang='lat' dir='ltr'>licnit,</span> <span class='ocrx_word' id='word_1_285' title='bbox 869 2341 986 2391; x_wconf 82' lang='lat' dir='ltr'>acceptum</span> 
     </span>
     <span class='ocr_line' id='line_1_34' title="bbox 177 2387 1022 2457; baseline -0.002 -14"><span class='ocrx_word' id='word_1_286' title='bbox 177 2396 234 2444; x_wconf 86' lang='lat' dir='ltr'>sero.</span> <span class='ocrx_word' id='word_1_287' title='bbox 268 2397 295 2443; x_wconf 79' lang='lat' dir='ltr'>iel</span> <span class='ocrx_word' id='word_1_288' title='bbox 315 2394 373 2457; x_wconf 79' lang='lat' dir='ltr'>agite</span> <span class='ocrx_word' id='word_1_289' title='bbox 394 2392 416 2440; x_wconf 90' lang='lat' dir='ltr'>iu</span> <span class='ocrx_word' id='word_1_290' title='bbox 439 2391 568 2455; x_wconf 86' lang='lat' dir='ltr'>posterum,</span> <span class='ocrx_word' id='word_1_291' title='bbox 589 2400 613 2436; x_wconf 92' lang='lat' dir='ltr'>ut</span> <span class='ocrx_word' id='word_1_292' title='bbox 635 2387 743 2435; x_wconf 82' lang='lat' dir='ltr'>suceell&#39;or</span> <span class='ocrx_word' id='word_1_293' title='bbox 764 2403 828 2435; x_wconf 90' lang='lat' dir='ltr'>mens</span> <span class='ocrx_word' id='word_1_294' title='bbox 847 2387 871 2453; x_wconf 83' lang='lat' dir='ltr'>in</span> <span class='ocrx_word' id='word_1_295' title='bbox 898 2393 986 2441; x_wconf 81' lang='lat' dir='ltr'>eusdem</span> <span class='ocrx_word' id='word_1_296' title='bbox 1006 2400 1022 2452; x_wconf 70' lang='lat' dir='ltr'><strong><em>J</em></strong></span> 
     </span>
     <span class='ocr_line' id='line_1_35' title="bbox 177 2450 1007 2523; baseline -0.004 -15"><span class='ocrx_word' id='word_1_297' title='bbox 177 2460 252 2508; x_wconf 83' lang='lat' dir='ltr'>laudes</span> <span class='ocrx_word' id='word_1_298' title='bbox 263 2458 345 2506; x_wconf 79' lang='lat' dir='ltr'>vestros</span> <span class='ocrx_word' id='word_1_299' title='bbox 357 2456 454 2505; x_wconf 79' lang='lat' dir='ltr'>destitere</span> <span class='ocrx_word' id='word_1_300' title='bbox 465 2466 546 2518; x_wconf 79' lang='lat' dir='ltr'>qoert3</span> <span class='ocrx_word' id='word_1_301' title='bbox 558 2451 612 2523; x_wconf 83' lang='lat' dir='ltr'>lide</span> <span class='ocrx_word' id='word_1_302' title='bbox 624 2453 686 2501; x_wconf 90' lang='lat' dir='ltr'>vobis</span> <span class='ocrx_word' id='word_1_303' title='bbox 695 2450 758 2515; x_wconf 80' lang='lat' dir='ltr'>ipsis,</span> <span class='ocrx_word' id='word_1_304' title='bbox 774 2451 826 2517; x_wconf 84' lang='lat' dir='ltr'>quid</span> <span class='ocrx_word' id='word_1_305' title='bbox 839 2453 897 2502; x_wconf 87' lang='lat' dir='ltr'>enirn</span> <span class='ocrx_word' id='word_1_306' title='bbox 908 2454 936 2504; x_wconf 88' lang='lat' dir='ltr'>de</span> <span class='ocrx_word' id='word_1_307' title='bbox 946 2472 987 2505; x_wconf 93' lang='lat' dir='ltr'>no·</span> <span class='ocrx_word' id='word_1_308' title='bbox 1005 2454 1007 2457; x_wconf 66' lang='grc'>’</span> 
     </span>
     <span class='ocr_line' id='line_1_36' title="bbox 177 2516 792 2575; baseline -0.02 0"><span class='ocrx_word' id='word_1_309' title='bbox 177 2525 210 2575; x_wconf 83' lang='lat' dir='ltr'>bis</span> <span class='ocrx_word' id='word_1_310' title='bbox 227 2523 340 2574; x_wconf 75' lang='lat' dir='ltr'>dixerim?</span> <span class='ocrx_word' id='word_1_311' title='bbox 356 2523 413 2574; x_wconf 86' lang='lat' dir='ltr'>bene</span> <span class='ocrx_word' id='word_1_312' title='bbox 428 2519 508 2571; x_wconf 81' lang='lat' dir='ltr'>mereri</span> <span class='ocrx_word' id='word_1_313' title='bbox 524 2516 601 2566; x_wconf 76' lang='lat' dir='ltr'>velitis.</span> <span class='ocrx_word' id='word_1_314' title='bbox 749 2533 751 2536; x_wconf 71' lang='grc'>’</span> <span class='ocrx_word' id='word_1_315' title='bbox 791 2525 792 2529; x_wconf 77' lang='grc'>’</span> 
     </span>
     <span class='ocr_line' id='line_1_37' title="bbox 201 2581 991 2632; baseline 0.001 -1"><span class='ocrx_word' id='word_1_316' title='bbox 201 2612 203 2614; x_wconf 59' lang='lat'>&gt;</span> <span class='ocrx_word' id='word_1_317' title='bbox 470 2584 494 2632; x_wconf 89' lang='lat' dir='ltr'>D</span> <span class='ocrx_word' id='word_1_318' title='bbox 528 2584 539 2630; x_wconf 84' lang='grc' dir='ltr'>Ι</span> <span class='ocrx_word' id='word_1_319' title='bbox 572 2581 594 2628; x_wconf 81' lang='lat' dir='ltr'>X</span> <span class='ocrx_word' id='word_1_320' title='bbox 627 2581 645 2629; x_wconf 78' lang='grc' dir='ltr'>Ι,</span> <span class='ocrx_word' id='word_1_321' title='bbox 877 2583 991 2632; x_wconf 82' lang='lat' dir='ltr'>SERMO</span> 
     </span>
    </p>
   </div>
   <div class='ocr_carea' id='block_1_3' title="bbox 0 0 1097 2960">
    <p class='ocr_par' dir='ltr' id='par_1_3' title="bbox 0 0 1097 2960">
     <span class='ocr_line' id='line_1_38' title="bbox 0 0 1097 2960; baseline 0 0"><span class='ocrx_word' id='word_1_322' title='bbox 0 0 1097 2960; x_wconf 95' lang='lat' dir='ltr'> </span> 
     </span>
    </p>
   </div>
  </div>
 </body>
</html>
