2173 2960
124 208 171 257 ψ
341 179 711 254 mfflmmfflmst

119 310 921 375 mmmmfflfflmmemmmmm

120 392 148 427 ea
164 378 223 428 Hist.
240 377 312 435 Eecl.‚
328 374 427 438 adeoque
443 375 478 422 hic
489 373 585 437 tetigisse
599 373 686 425 sufficit.
720 378 823 438 Regnare
838 379 921 442 incepit

118 457 173 506 ergo
189 443 232 491 lioe
247 454 348 503 tempore
363 438 433 486 homo
447 438 535 502 peceati
551 453 564 486 a
577 439 655 488 Thess.
672 442 701 488 Π.
718 454 740 488 et
755 441 865 489 Ecclesiae
885 445 917 490 sa-

118 508 163 554 cies
189 520 236 555 tota
256 514 375 566 corrupta:
408 518 475 567 quare
500 502 619 552 Periodum
643 520 725 553 nouam
755 505 922 555 chatasterizare

116 570 178 618 reste
194 567 301 617 statuitur.
923 594 925 597 >

150 633 170 698 §-
188 633 271 681 XCIX.
310 671 312 675 .
342 630 460 693 Superest,
475 642 500 678 ut
512 630 540 678 de
550 631 633 679 casibus
644 631 740 680 Politicis
753 632 917 694 illustrioribus,

115 696 138 744 in
153 701 209 744 liaec
225 695 302 743 Secula
317 693 476 754 incidentibus,
492 710 562 758 agam.
602 697 664 743 Inter
685 695 744 756 illos,
760 697 798 760 qui
814 699 840 747 ad
858 699 917 748 Ciui-
963 746 967 753 ,

114 773 184 808 tatein
199 773 222 808 et
238 757 373 807 Societatem
388 759 502 807 Politieam
512 757 605 821 Imperii
620 759 689 807 Rom.
705 760 831 822 pertinent,
847 765 918 811 nullus

114 823 158 882 est,
175 823 213 888 qui
229 835 276 871 tota
292 823 333 869 hac
348 821 444 880 Periodo
458 820 528 885 magis
542 821 567 869 in
582 822 658 870 oeulos
677 821 783 882 incurrit,
804 841 870 888 quani
884 826 917 875 in·

113 887 213 936 vasiones
224 885 334 935 Gentium
345 886 499 943 Romanarum,
515 897 538 932 et
548 884 678 935 vastationes
688 900 728 949 pei·
737 902 774 933 eas
783 889 864 951 ubique
874 903 917 938 ter-

112 966 187 999 rarum
202 951 281 999 latiae.
315 949 383 996 Unde
399 962 448 998 orta
463 949 495 996 est
507 948 571 997 Orbis
587 948 698 997 distractio
712 949 734 997 in
750 951 811 998 varia
821 953 914 1015 Regna:

111 1031 168 1079 quae
178 1015 315 1079 aliquamdiu
324 1007 443 1074 durarunt,
458 1013 499 1061 alia
508 1013 607 1077 longius,
623 1015 663 1062 alia
673 1013 767 1063 brevius.
791 1016 866 1063 ‘Dabo
877 1017 919 1064 liu-

111 1081 147 1143 jus
167 1079 200 1126 rei
214 1080 347 1143 ageneralem
368 1077 463 1141 aliquam
483 1077 599 1137 notitiam,
609 1090 638 1125 et
653 1078 758 1127 Barbaros
776 1077 823 1127 illos
839 1080 917 1130 ordine

114 1143 243 1194 recensebo,
278 1145 349 1193 Fuere
377 1176 378 1180 ,
973 1176 975 1180 -

288 1207 291 1210 '
343 1205 360 1253 1.
377 1203 475 1254 Vandali
489 1216 511 1251 et
527 1203 604 1263 Alani,
620 1204 658 1267 qui
675 1207 781 1270 Regnum
795 1207 915 1257 fundarunt
968 1249 969 1253 ,

111 1270 135 1319 iti
151 1270 260 1334 Hispania
275 1282 298 1317 et
311 1267 431 1332 praecipue
440 1265 532 1326 Africa3
550 1270 805 1329 occuparuntrlsrieani
814 1287 847 1320 ao.
859 1287 914 1332 429.

112 1346 136 1381 et
151 1350 191 1396 per
206 1333 298 1396 amplius
316 1348 362 1380 ioo
372 1346 441 1379 annos
455 1342 586 1390 tenuerunt,
603 1332 676 1379 donec
692 1332 804 1381 Belisarius
820 1336 859 1382 sub
876 1338 914 1398 Ju-

109 1396 216 1456 stiniano,
233 1394 379 1453 insultastis,
396 1394 498 1443 Africam
514 1394 607 1458 recepit.
640 1397 667 1442 In
684 1395 754 1444 Gallia
770 1410 792 1445 et
807 1398 916 1462 Hispania

110 1462 157 1525 jani
172 1462 199 1510 ab
215 1459 282 1509 initio
299 1462 348 1508 Sec.
361 1460 393 1508 V.
410 1458 496 1521 aliquod
511 1470 631 1506 tenuerunt
644 1459 785 1518 dominium„

339 1524 368 1571 ll.
387 1523 468 1579 sireni,
485 1522 523 1584 qui
538 1523 644 1582 Regnum
666 1523 752 1585 aliquod
765 1525 788 1573 in
809 1511 918 1591 Hispania

110 1589 267 1645 obtinuerunt,
283 1587 358 1650 primo
374 1601 427 1633 cum
437 1586 558 1644 Vandalis3
574 1581 638 1644 dein.)
654 1585 687 1633 his
697 1588 719 1634 iu
731 1588 829 1637 Africam
844 1604 914 1638 trana-

108 1653 208 1712 fretatis,
235 1650 275 1699 soli
294 1652 317 1699 in
338 1650 448 1698 Gallaecia
462 1651 485 1696 et
504 1649 628 1708 Lusitania,
649 1650 708 1712 quod
729 1651 816 1701 dinavit
836 1657 862 1703 ab
877 1671 911 1703 ao.

109 1733 165 1777 409.
183 1717 209 1764 ad
226 1731 245 1763 a.
263 1721 318 1775 585.
341 1729 382 1777 per
397 1729 448 1761 ann.
467 1728 520 1775 177.
537 1712 625 1776 quando
641 1713 776 1762 destrudlum
792 1716 823 1763 esi
840 1735 852 1766 a
867 1720 910 1766 Le·
978 1740 982 1747 f

110 1780 211 1845 ouigildo
227 1780 293 1842 Rege
308 1777 494 1840 Visigothorum,
510 1777 600 1840 ejusque
616 1777 697 1839 Regno
712 1780 807 1829 accessit.

341 1842 382 1898 itt.
399 1840 527 1904 Visigotlii,
543 1840 646 1905 quiduee
656 1842 757 1902 Alarico,
774 1846 800 1892 ab
811 1861 844 1895 ao.
858 1862 911 1909 395.

108 1926 150 1975 per
160 1905 321 1959 Macedoniam
335 1904 362 1954 et
369 1904 504 1953 Thessaliam
514 1904 620 1968 progressi
632 1919 743 1955 uenerunt
751 1908 776 1976 iq
786 1909 869 1958 ltaliam
878 1929 913 1960 ao.

109 1989 166 2034 400.
178 1972 215 2022 ubi
225 1973 325 2034 ingentes
335 1970 439 2021 fecerunt
450 1968 595 2026 uastationem
611 1967 680 2033 ipsam
692 1971 782 2018 Roman
793 1987 912 2035 ceperunt,
951 1979 953 1984 ’

111 2050 135 2086 et
150 2037 212 2087 varie
226 2035 344 2094 uastarunt
355 2049 388 2081 ao.
405 2033 460 2094 409.
495 2034 540 2081 Sul)
561 2031 669 2080 sltliaulfo
690 2047 799 2082 uenerunt
819 2036 843 2085 in
861 2039 913 2086 Gal·

108 2102 173 2161 liam,
192 2110 215 2147 et
230 2099 338 2161 Regnum
352 2096 472 2144 fundarunt
487 2095 510 2144 in
526 2096 656 2159 Aquitania,
675 2097 787 2146 Tliolosae
797 2099 847 2148 sede
857 2103 914 2163 sina,

109 2157 910 2229 mmmafflfflffifflmmmffmmmfflwm

67 2220 914 2287 vtemGallaedaeeripiitSueuisaossoSedsubsllaricom-

110 2292 175 2356 genti
190 2290 251 2338 clade
261 2288 337 2337 affedli
352 2288 403 2335 sunt
419 2303 432 2335 a
445 2285 561 2334 Clodoveo
572 2287 706 2335 Francorum
717 2288 794 2351 Rege,
810 2302 832 2335 et
843 2289 912 2352 Aqui-

110 2354 171 2404 tania
186 2369 211 2402 ac
227 2354 295 2400 Gallia
310 2352 365 2416 pulsi
382 2367 417 2401 ao.
435 2355 491 2410 506.
527 2349 622 2416 Quando
643 2351 731 2398 tandem
746 2353 786 2398 sub
801 2353 912 2416 Leouigil-

109 2420 154 2479 do,
166 2419 292 2467 Suevorum
302 2418 383 2481 Regno
394 2414 418 2463 in
430 2412 538 2477 Hispania
549 2412 673 2472 destructo,
684 2415 821 2475 subjecerunt
831 2416 912 2481 Hispa-

109 2477 964 2593 mmmmmmfflfflfflfflwWff·

825 2559 912 2594 mm
