2173 2960
201 210 247 256 194
483 191 553 242 Seteia
568 189 715 241 Academicus.

199 350 305 398 crambeu
326 349 407 398 centies
425 347 551 397 recoilam!
573 347 743 417 nullanegotia
763 349 896 411 praevideo3
918 352 955 403 sed
971 357 999 405 de

198 413 302 462 universo
314 414 416 461 orationis
431 426 562 473 argumento
574 424 703 471 enunciata,
722 414 756 459 vel
771 428 807 459 me
823 416 896 464 omnia
907 417 1000 479 fallunt,

199 479 236 527 vel
254 477 309 527 aliud
325 478 390 538 lorrge
406 476 483 525 fetens
498 476 614 540 judicium.
642 474 665 522 Si
677 475 806 525 tritilhmatn
822 478 850 527 de
860 481 918 544 Papa
934 479 1003 530 Anti-³

192 541 282 591 christo
299 542 461 609 quaestionem,
479 558 521 604 qua
534 543 581 604 jam
598 554 637 602 per
653 539 690 588 seu
706 541 776 588 secula
791 542 849 592 orbis
867 545 1001 596 Christianus

198 605 366 663 circumsouuit,
393 604 541 655 ventilandam
566 602 698 662 samuelem,
725 620 754 652 ne
774 620 786 651 a
805 606 889 658 summa
908 610 999 673 quidem

198 668 272 718 vestra
288 668 442 717 benevolentia
459 669 532 715 faciles
543 679 566 713 et
580 680 675 736 attentos
691 667 776 737 anitum
787 684 903 735 expetere,
914 685 951 721 aut
961 688 1001 733 ex*

199 732 310 795 spedbare,
333 732 394 782 austu
410 731 506 780 failletn.
545 732 576 778 At
592 745 651 777 etum
672 731 806 781 utililllmum
826 736 854 783 de
874 755 920 786 vero
935 737 1001 786 Anti-

199 795 272 859 christi
288 797 409 843 alterutrare
425 796 558 858 quaesitum,
575 793 635 841 unde
650 792 707 856 alind
717 794 746 840 de
761 806 863 859 tertrpure,
880 817 924 863 quo
935 817 1000 849 exor-

199 872 234 906 tus
249 856 294 917 est,
311 859 435 922 dependet,
457 858 518 907 estne
533 858 626 905 tritum?
642 855 704 903 estne
719 858 820 908 tadum?
835 863 920 913 nedum
937 864 999 914 absc·

195 924 284 972 lutum?

231 986 251 1051 ᾗ.
270 986 300 1048 ΙΙ.
425 986 500 1034 Multa
520 983 603 1049 oppido
625 982 687 1044 furit,
706 999 763 1050 quae
782 984 806 1033 in
821 986 1000 1052 Antichristam‚

196 1053 287 1114 ejusque
302 1064 395 1112 corpus,
410 1050 533 1098 confluunt.
569 1049 631 1114 Quen
651 1048 708 1096 enim
724 1047 804 1097 Chrilli
818 1050 870 1100 suut
889 1068 1000 1116 inuncta,

198 1128 253 1179 quot
268 1113 381 1160 Ecclesiae
394 1126 478 1176 partes,
496 1125 531 1160 tot
547 1110 691 1171 Anticluisti,
709 1124 733 1160 et
748 1113 858 1162 Ecclesiae
873 1117 947 1166 Falsae
962 1119 998 1167 da-

199 1181 217 1225 ri
234 1176 325 1240 poll'unt
337 1188 411 1239 parter
426 1175 556 1228 contrariae.
588 1175 754 1226 lucrementum
769 1188 806 1226 aut
817 1178 998 1243 decrementum,

197 1257 277 1306 pacem
299 1252 335 1287 aut
357 1242 436 1288 bellum
456 1254 506 1288 euin
523 1236 638 1287 haereticis
657 1250 695 1286 aut
710 1238 848 1302 infidelibus,
871 1260 926 1307 qnae
942 1249 999 1294 ucci-

197 1307 291 1354 dentnles
307 1304 416 1352 Ecclesiae
431 1316 504 1366 partes
521 1303 583 1363 sunt,
600 1318 652 1350 cnm
669 1302 790 1351 Christiana
806 1317 829 1351 et
844 1308 998 1357 Anticliristia·

199 1367 574 1424 ne·Eeeles1ae0mnuniatianae
589 1366 690 1429 possunt:
711 1367 734 1415 iu
749 1369 857 1428 doctrina,
879 1373 949 1433 cultu,
965 1390 998 1419 aa·

199 1434 320 1496 girabant
337 1434 440 1490 tatoribus,
456 1448 512 1496 qnae
528 1430 647 1480 ellentiales
663 1442 736 1494 partes
750 1430 814 1491 suut,
834 1433 882 1482 sive
897 1436 1001 1485 omuibus

200 1497 276 1554 simul,
293 1496 339 1544 five
359 1512 403 1544 una
419 1497 515 1544 alterave
534 1494 632 1554 illarum,
653 1494 771 1542 discrimen
795 1499 945 1557 quaerendum
960 1500 1000 1550 est.

200 1558 310 1609 Veritatis
331 1570 354 1606 et
373 1575 438 1608 verae
457 1561 510 1608 fidei
531 1559 651 1617 confeffto,
668 1558 854 1621 quemadmodum
868 1574 944 1623 parram
965 1565 1002 1612 dat

199 1621 335 1682 Ecclesiam,
353 1623 382 1670 ste
397 1624 494 1686 capitam
511 1623 563 1677 fidei
578 1634 602 1669 et
618 1636 718 1668 errorum
733 1621 829 1670 tniutura
845 1626 962 1687 irtrpmum,
979 1639 1001 1675 et

198 1686 314 1750 gratiores
335 1702 438 1746 errores,
458 1686 494 1749 qui
517 1684 635 1733 llaeresros
662 1700 744 1733 riotnen
765 1701 895 1747 metentur,
915 1689 1002 1753 falsam

199 1750 317 1815 praestant.
353 1751 430 1797 Cultus
445 1749 620 1813 religiosumqni
633 1762 689 1810 parra
704 1749 725 1796 iu
741 1750 838 1797 Ecclesia
854 1768 867 1800 a
884 1753 961 1801 Christi
977 1765 1000 1801 et

200 1814 362 1876 Apostolorum
378 1812 515 1877 praescripto
530 1812 582 1860 nihil
598 1811 656 1869 abit,
678 1824 701 1859 et
717 1812 745 1871 de
760 1816 854 1862 externis
871 1815 948 1865 ritibus
963 1833 1002 1880 pa-

200 1895 251 1927 rum
267 1877 344 1937 habet,
360 1875 454 1924 tralatam
469 1876 559 1925 exhibet
574 1876 707 1932 Ecclesiam,
728 1875 744 1924 si
761 1877 876 1927 hominnm
896 1880 1003 1929 institutis

200 1942 294 1992 nimium
310 1953 457 2005 aggravetur,
473 1940 509 1989 sed
518 1940 618 2004 falsam,
635 1939 651 1988 li
667 1939 689 1988 iu
704 1939 882 2004 superstitionem
899 1957 920 1996 et
931 1944 1003 1993 idolo·

198 2006 296 2061 latriam,
312 2007 361 2068 plus
371 2005 472 2052 minusve
482 2005 600 2063 diredlarn,
616 2004 792 2067 degeneraverit.
826 2007 945 2069 Regiuteu,
958 2024 1004 2071 quo
1061 2040 1063 2044 ⁴

202 2069 324 2129 Disciplina
339 2069 547 2130 comprehenditur,
564 2080 647 2132 quanto
662 2084 674 2114 a
689 2071 776 2130 regettdi
790 2081 813 2115 et
827 2069 952 2132 imperandi
963 2088 1003 2134 po·

202 2131 280 2180 testate
295 2131 394 2191 longius,
411 2143 434 2175 et
454 2147 466 2177 a
487 2133 594 2188 docendi,
615 2148 641 2178 ac
657 2131 761 2180 suadendi
777 2132 900 2195 conspedltr
915 2136 1006 2198 propius

201 2194 274 2253 abest,
288 2204 351 2241 tanto
361 2191 485 2255 puriorem,
497 2204 518 2237 et
529 2194 631 2238 ministris
642 2194 723 2241 Christi
733 2196 942 2244 convenientiorem
950 2199 1005 2253 ,bac

202 2270 264 2322 parte
280 2255 395 2305 constitnit
409 2254 543 2302 Ecclesiam:
565 2268 621 2316 quae
635 2255 697 2313 sepiri
712 2255 776 2315 hujus
795 2259 873 2304 mundi
888 2258 959 2303 induit
974 2257 1006 2304 fa·

204 2322 274 2379 ciem,
287 2321 302 2369 h
311 2320 406 2384 pastores
418 2320 472 2366 fiant
482 2321 583 2374 vianet,
600 2328 622 2363 et
634 2315 735 2364 dociores
745 2317 805 2379 leges
815 2318 900 2365 ferendi
910 2319 1005 2381 potesta·

126 2444 127 2448 Ἰ
203 2396 263 2444 tem,
279 2386 362 2446 populo
380 2381 505 2432 Christiano
522 2380 617 2429 minime
632 2381 781 2442 tolerandam,
798 2380 913 2430 ambiant:
939 2382 1005 2431 enisi

203 2448 311 2511 cogendi,
328 2460 350 2494 et
366 2446 532 2503 inobedientes,
548 2449 634 2493 caetera
645 2445 718 2492 botuns
733 2456 755 2490 et
770 2444 831 2506 pios,
847 2445 891 2507 igni
902 2445 1008 2510 ferroque

200 2510 347 2578 persequendi
364 2510 408 2560 tum
425 2510 562 2576 acljtrmreris,
583 2509 681 2574 regimen
703 2507 783 2558 evadet
809 2507 962 2572 lhu'atrnt'eum,
986 2522 1009 2581 et
1037 2556 1038 2559 ,

969 2590 1011 2638 qni
