2173 2960
191 181 225 233 m
236 180 378 232 Frarrdulentu
389 185 410 227 ei
420 176 511 227 violenti·
521 171 641 246 Religionis
653 175 741 225 toeniae
752 173 798 230 &a
850 186 897 236 259

90 339 231 404 perfinitiones
240 333 415 394 extendendam,
431 349 488 397 quae
498 348 526 381 ne
538 329 593 379 laeso
604 328 695 394 quidem
705 330 828 393 genuinum
839 331 892 381 den·

90 418 135 453 tem
151 405 244 467 infigere
262 395 374 462 permittit
388 397 412 446 in
433 398 570 454 laedentem,
586 398 614 442 ad
631 394 733 443 animum
748 409 892 456 revocemus,

86 467 132 530 five
148 467 249 515 omnium
265 461 328 524 regni
344 462 391 523 ejus
407 461 546 507 subditorum
568 458 739 521 aequalitatem,
759 471 845 507 mutuas
865 461 893 516 ad

88 531 161 594 ipsum
176 531 266 577 unicum
282 522 413 587 magistrum
429 534 451 570 et
461 522 565 585 Judicem
581 523 707 580 relationes,
725 536 782 585 quac
792 522 895 570 dominio

89 608 127 645 aut
137 589 265 655 imperioin
281 588 303 635 se
319 586 419 635 invicem
438 585 521 634 nullum
532 583 659 648 relinquunt
675 586 763 644 locum,
780 600 832 650 quas
848 585 894 648 ipse

90 658 201 704 Dominus
210 656 279 701 Matt.
290 651 379 699 XXIII:
394 665 478 699 1···1o.
490 649 613 698 luculenter
624 648 739 712 exposuit,
752 661 774 696 et
785 648 898 711 discipulis,

89 718 130 765 suis
146 730 191 766 tam
207 716 302 764 studiose
317 714 450 774 inculcavit,
467 714 609 774 intueamur3
626 711 674 773 stan
684 713 778 777 scopum
795 713 896 761 onmium

89 782 137 844 ejus
153 781 277 839 dillorum,
294 791 316 826 et
331 790 437 843 operum,
459 793 555 840 reguum
571 776 653 825 scilicet
668 777 768 827 veritatis
782 789 807 825 et
824 777 895 834 virtu·

89 845 117 894 tis
138 845 162 893 in
177 844 293 893 hominum
310 844 385 891 animis
400 842 498 906 erigere,
520 843 550 889 ob
570 842 646 888 oculos
660 857 782 905 ponamus,
799 841 846 904 five
867 840 895 900 ad

90 909 150 960 viam
165 908 318 966 refleilnnnn,
337 924 381 971 qun
396 922 436 970 per
451 920 512 954 arma
527 902 656 967 spiritualia,
678 905 896 963 demonstrationem

88 974 115 1023 ad
126 970 295 1030 conscientiam,
312 983 335 1018 et
346 970 488 1034 patientiam,
504 982 600 1030 regnum
615 968 661 1031 ejus
677 968 732 1017 ficut
747 981 896 1033 propagatum

90 1036 135 1096 ert,
151 1037 182 1083 ita
196 1035 242 1098 ipse
257 1050 297 1081 rex
317 1033 434 1097 propagari
455 1031 539 1089 voluit,
562 1043 584 1078 et
604 1032 647 1080 stris
664 1033 763 1095 expresse
777 1033 894 1097 injunxit5

86 1100 131 1163 flue
148 1100 243 1160 denique
257 1097 283 1144 ad
299 1095 427 1160 supremum
442 1107 465 1142 ct
480 1093 592 1149 infallibile
601 1095 730 1157 judicium,
746 1096 783 1145 cui
798 1096 838 1145 l'oli
852 1096 894 1144 sta·

88 1179 151 1222 mus,
168 1161 308 1218 cadimusve,
329 1161 357 1208 ab
371 1158 420 1222 ipso
434 1159 494 1215 solo,
515 1157 556 1206 sno
571 1169 674 1221 tempore
689 1158 828 1220 habendum,
850 1161 895 1208 ani-

90 1243 152 1275 mum
167 1224 320 1280 adhibeamus3
346 1225 427 1282 verbo,
448 1222 465 1270 fi
481 1223 588 1285 Regnum
604 1220 687 1270 Christi
705 1223 731 1270 ab
751 1223 813 1278 omni
832 1236 897 1287 parte

89 1288 302 1345 cir‘cunrlustremus,
318 1286 373 1334 nilril
388 1286 457 1350 magis
472 1286 513 1333 hac
528 1285 636 1333 mendace
647 1298 671 1334 et
685 1288 799 1348 tyrannica
808 1289 897 1336 metho-

90 1354 120 1403 do
136 1352 160 1402 in
174 1352 227 1399 illud
242 1349 337 1404 advetlis
353 1349 464 1399 frontibus
479 1348 584 1408 arietare,
601 1348 655 1398 nilril
672 1348 781 1406 acerrimo
791 1352 844 1414 'ejus
858 1351 899 1399 ini·

90 1416 157 1488 mico
167 1414 237 1478 magis
252 1414 392 1474 convenire,
413 1412 532 1463 luminibus
548 1414 613 1470 orbus
627 1414 666 1474 sat,
689 1414 727 1477 qiu
747 1429 795 1464 non
814 1413 899 1479 perspi-

91 1492 141 1531 crat.

26 1541 28 1546 ’
123 1544 144 1608 §.
161 1543 248 1590 XXIII.
321 1540 382 1604 Quid
398 1541 426 1589 de
443 1542 542 1591 lintion
558 1553 582 1588 et
597 1540 647 1590 sana
663 1541 722 1605 fide,
744 1558 787 1607 qua
807 1545 899 1610 quisque

90 1607 149 1677 apud
164 1605 332 1672 uiiinninnstumt
345 1605 459 1668 perstitistis
475 1607 501 1654 srt
517 1617 619 1669 oportet,
636 1621 693 1669 quae
707 1622 797 1674 proram
809 1620 831 1656 et
840 1625 899 1674 pup=

91 1686 140 1735 prm
155 1669 179 1717 iu
195 1684 264 1732 regno
277 1668 357 1717 Christi
372 1669 440 1729 facit,
452 1669 542 1719 dicam?
559 1669 595 1720 cui
610 1669 735 1721 fulciendae
745 1683 768 1718 et
779 1672 899 1722 dilatandae
939 1725 940 1729 ,

91 1732 146 1782 nihil
161 1733 271 1796 ineptius,
286 1733 450 1787 labefaitandae
466 1746 488 1780 et
503 1733 658 1795 exstirpandae
672 1733 727 1782 nilril
741 1734 899 1789 eststaudibua

92 1811 115 1844 et
131 1796 242 1849 violentiis
257 1798 333 1859 aptius.
367 1799 523 1859 Praeterquam
539 1796 611 1855 enim,
627 1797 687 1859 quod
698 1797 735 1845 sua
750 1798 801 1851 luce
810 1799 897 1860 radiet,

90 1859 207 1913 mendacio
222 1872 245 1911 et
260 1859 284 1908 vi
299 1875 345 1913 non
360 1860 431 1924 inagis
445 1867 514 1925 quam
527 1860 565 1908 lux
580 1859 675 1908 tenebris
690 1860 820 1911 illustretur:
836 1863 897 1911 surm
922 1900 924 1903 ψ

92 1940 128 1972 ma
143 1939 189 1974 non
204 1934 291 1975 tantum
308 1924 341 1982 ei,
357 1925 448 1988 ejusque
461 1922 574 1982 Anicioti,
596 1923 648 1986 quin
662 1935 685 1971 et
699 1925 790 1985 luiniui,
811 1927 899 1977 ratione

93 1986 205 2051 praedito,
222 1988 248 2039 fit
263 1986 356 2049 injuria,
368 1999 390 2035 ct
405 1987 550 2051 insuperabile
565 1999 652 2035 creatur
668 1988 843 2052 praejudicium,
859 1992 899 2041 ubi

94 2067 141 2098 non
151 2049 250 2109 strin‚sed
261 2051 331 2098 errori
342 2064 364 2098 et
375 2051 490 2099 mendacio
501 2049 694 2115 proprii3‚mcdiis
704 2052 848 2116 defenditur,
859 2057 902 2104 lio·

93 2114 209 2177 mineeque
220 2115 310 2168 obtorto
321 2115 378 2162 eollo
388 2116 410 2163 in
421 2114 500 2169 fidum
510 2117 558 2177 ejus
569 2114 712 2177 obsequium,
728 2132 773 2181 qua
787 2130 847 2178 arte,
859 2136 902 2183 qua

94 2191 177 2236 mane,
199 2176 256 2225 trahi
277 2177 364 2230 necelle
385 2179 472 2232 habent.
513 2176 592 2245 Quid?
614 2192 664 2226 eam
686 2177 793 2230 Divinam
812 2185 901 2231 credam

94 2241 230 2300 dotiriuam,
248 2256 317 2305 quae,
332 2254 358 2288 ut
373 2241 422 2288 vim
438 2254 461 2289 et
475 2243 616 2290 autoritatem
630 2241 721 2301 lrabeat,
737 2242 793 2305 ipsas
810 2245 863 2293 boni
879 2259 902 2295 et

92 2305 146 2368 justi
161 2306 265 2354 notiones
275 2304 349 2357 insitas
359 2303 381 2351 in
392 2320 429 2352 me
439 2305 526 2366 delere,
542 2303 615 2360 divina
631 2303 769 2369 lrumanaque
784 2308 835 2367 iura
847 2326 902 2358 con.
936 2324 938 2326 ·

94 2370 180 2419 culcare
201 2384 257 2430 opus
278 2369 355 2426 habet,
377 2383 459 2431 nreque
475 2369 537 2418 omni
557 2367 667 2426 libertate,
688 2363 825 2434 privilegiis,
842 2375 904 2424 bonis

96 2440 118 2474 et
130 2432 177 2478 vita
187 2432 278 2493 privar?
290 2430 390 2491 Ecqrum
407 2434 488 2493 quaeso
503 2433 527 2481 in
542 2447 579 2484 me
593 2429 702 2494 prOdUCtt
723 2433 903 2498 fiibjedlionem,

90 2488 149 2540 luet
165 2492 301 2544 rnetlnodtts'?
318 2507 436 2554 veramne,
453 2511 509 2560 quae
526 2512 554 2542 ex
569 2494 647 2550 intima
663 2498 807 2559 conviciione
822 2501 904 2561 oritur,

495 2560 567 2606 ΚΜ
820 2563 908 2629 solaque
