2173 2960
121 155 166 202 132
344 139 440 187 alletia-ull
455 136 590 198 Proplretlcar
605 136 660 184 Part
676 138 712 187 H.

119 255 202 308 Parilis
218 255 322 306 stabilita:
339 256 397 319 qrrod
413 253 484 317 ipsum
502 255 608 316 Regnum
625 254 760 302 Francorum
777 253 809 301 est
823 270 864 318 per
875 273 924 306 orn·

120 322 156 370 nia
173 322 251 369 Secula
266 321 309 369 huc
323 322 390 381 ulline
406 317 455 365 latis
471 318 563 365 celebre.
719 357 721 359 .
930 369 931 372 Ἴ

93 380 95 383 ’
350 381 406 430 Vll.
424 380 524 429 Transeo
540 381 567 429 ad
582 382 723 441 Brittannos,
739 399 790 430 cum
806 383 836 437 illi
846 383 869 430 in
880 383 923 432 ini-

121 448 154 496 tio
166 448 240 496 Seculi
250 449 284 496 tt
295 462 305 493 a
316 444 424 495 Romanis
437 444 590 505 delciuillent,
602 459 624 493 et
635 446 765 509 aliquamdiu
775 446 813 495 sub
825 447 926 509 Regibus
982 484 983 487 η

120 512 217 577 propriis
237 510 339 570 ferimur,
360 524 455 573 quorum
473 510 540 571 primi
560 509 650 557 fuerunt
666 524 709 557 nes
726 511 842 573 Tyranni,
860 513 924 558 illor-

123 593 175 635 cus,
198 574 313 625 Gratianus
333 586 355 620 et
377 573 544 630 Constantinus,
571 573 609 620 sub
626 573 792 636 Vortigernoa
813 574 880 623 Patris
901 588 925 622 et

122 641 194 687 Scotis
213 636 312 685 infestati
333 635 439 684 artarilium
460 635 571 699 petierunt
593 637 619 683 ab
634 637 725 699 Augus,
748 639 786 702 qtri
800 639 932 687 incolebant

123 706 238 752 Ducatum
253 699 426 758 Slesvicensem,
443 712 465 761 et
481 715 493 745 a
509 698 644 758 saxonibus,
667 701 703 763 qui
724 703 823 764 regiones
845 702 932 751 uicinas.

124 769 216 815 Oceano
231 779 303 828 prope
314 763 389 812 Albim
405 763 564 819 inhabitabant,
581 763 618 825 qui
629 763 813 825 rlrrglo-Sauones
823 783 857 814 ao¹
869 781 926 825 449.

122 841 234 879 venerunt
248 827 270 875 in
280 825 425 875 Brittanniam
441 825 539 875 Ducibus
550 824 662 888 Hengillo
678 837 699 871 et
715 828 843 888 Horso,-et
858 829 929 892 ipsam

123 892 266 942 Brittanniam
283 892 310 939 ab
325 908 359 940 ao.
377 906 433 952 453.
454 889 545 953 aggreffi
566 889 615 936 lum
635 888 673 936 sihi
688 889 813 953 subjicere,
839 892 929 954 quando

124 957 185 1006 varia
199 957 228 1006 ibi
244 954 334 1003 condita
350 956 443 1016 Regna,
461 966 483 1002 et
499 953 578 1002 belliun
592 953 650 1001 inter
666 953 717 1003 duas
732 955 777 1003 illas
794 955 878 1003 Gentes
888 956 928 1003 dtr·

124 1021 184 1069 ravit
199 1021 226 1068 ad
243 1035 261 1068 a.
279 1018 346 1082 usque
362 1022 417 1069 688.
840 1038 843 1041 ·

158 1085 178 1150 h.
197 1086 246 1133 CH.
354 1083 421 1131 Vnt.
437 1080 523 1130 Italiam
539 1080 647 1129 Romanis
663 1081 743 1145 eripuit
759 1082 863 1129 Odoacer
878 1083 927 1131 He·

124 1150 223 1198 culorum
241 1148 305 1206 Rex,
322 1162 374 1193 cum
389 1144 478 1192 ultimus
494 1147 647 1193 Rornanorum
668 1147 721 1194 Rex
741 1145 795 1193 effet
814 1146 927 1209 Atrgullu-

124 1215 170 1272 lus,
186 1214 212 1260 ab
229 1228 262 1260 ao.
280 1215 335 1272 476.
359 1208 444 1256 Tenuit
454 1207 490 1255 ille
500 1207 525 1255 ad
536 1224 555 1256 a.
566 1222 622 1268 493.
638 1224 679 1270 per
695 1225 745 1256 ann.
766 1225 802 1271 17.
815 1225 867 1257 cum
878 1210 925 1259 ric-

124 1291 172 1335 tus,
186 1288 207 1323 et
223 1271 397 1335 Regnoltaliae
411 1283 490 1319 exutus
506 1271 537 1318 e'll
554 1287 566 1318 a
582 1271 726 1319 Theoderico
739 1272 933 1336 ostrogothorum

125 1343 191 1404 Rege
198 1355 205 1398 3
222 1350 244 1384 et
259 1337 289 1384 src
303 1337 346 1384 hoc
362 1337 467 1399 Regnum
479 1334 665 1398 Ostrogothorum
678 1335 793 1383 fundatum
804 1335 836 1383 est
847 1336 870 1384 in
883 1340 927 1385 Ita·

122 1405 162 1463 lia,
179 1402 239 1466 quod
255 1399 315 1448 stetit
330 1399 378 1446 fere
394 1414 444 1447 ann.
457 1403 494 1447 oo
512 1413 564 1446 cum
575 1414 587 1444 a
598 1397 715 1461 Justiuiuni
726 1400 838 1459 Ducibus,
858 1417 927 1449 carnut

124 1466 241 1523 Bebsario,
262 1463 314 1511 dein
334 1462 441 1521 Narlete,
467 1462 516 1509 sunt
529 1461 591 1509 *vitu
611 1463 668 1509 bello
686 1468 713 1513 18
731 1479 851 1523 annorum,
868 1465 928 1528 qarod

125 1530 211 1592 incepit
226 1529 265 1575 sub
281 1525 406 1574 Tlreodado
424 1529 468 1587 gria
485 1526 562 1587 Rege,
579 1526 735 1573 continuatum
755 1527 793 1575 sub
809 1528 888 1590 Vitige
905 1540 928 1578 et.

72 1634 74 1640 Α
126 1595 214 1653 Totlla,
231 1590 321 1639 linitum
336 1591 375 1637 sub
392 1589 478 1652 Tlreja,
496 1589 530 1636 ao.
542 1603 596 1648 552.
609 1605 653 1652 quo
668 1588 690 1636 iu
707 1590 762 1636 bello
779 1591 852 1639 Roma
863 1593 927 1654 saepe

125 1655 248 1721 capta‘ell,
265 1653 402 1702 et'rrrultum
421 1648 484 1699 fame
501 1650 603 1714 erpelle
622 1652 688 1714 palla.
723 1653 765 1700 Sed
781 1654 844 1702 breui
866 1654 931 1706 venit

124 1722 185 1773 Italia
200 1720 223 1767 iu
238 1716 372 1781 potestatem
387 1715 601 1778 Langobardorum,
622 1714 659 1777 qui
674 1716 728 1764 vsurrt
745 1717 813 1765 Gothi
829 1735 842 1764 e
858 1719 926 1765 Scan-

125 1785 227 1841 dinavia,
243 1795 292 1830 tum
307 1779 426 1828 residentes
436 1779 459 1827 in
469 1779 593 1827 Pannonia:
610 1778 633 1824 hi
648 1778 687 1826 suh
697 1794 750 1843 rege
762 1780 860 1829 Alboiuo
872 1798 926 1829 evo·

124 1850 168 1899 eati
185 1845 304 1896 aNarsete
321 1860 356 1893 ao.
374 1847 429 1903 568.
447 1842 531 1889 Italiam
545 1841 589 1889 srbi'
600 1854 723 1903 coeperunt
739 1843 859 1907 subjicere,
876 1847 925 1893 Ro·

125 1914 194 1971 manis
209 1911 255 1960 solo
270 1908 397 1957 Euarchatu
412 1905 576 1954 Rauennatenfi
592 1904 681 1954 relicto:
703 1918 793 1955 tenuere
812 1925 852 1971 per
874 1925 925 1957 arm.

127 1982 181 2025 206.
202 1974 290 2039 quando
310 1971 349 2019 sub
369 1969 448 2019 ultimo
469 1970 535 2032 Rege
554 1969 671 2017 Desiderio
692 1969 747 2019 vicli
772 1983 795 2018 et
819 1971 929 2036 subjugati

126 2041 177 2090 sunt
192 2055 204 2086 a
220 2036 298 2085 Carolo
313 2036 351 2082 M.
368 2050 402 2082 ao,
420 2047 474 2094 774.

353 2096 394 2144 IX.
412 2095 490 2142 Hunni
510 2112 538 2143 ex
551 2098 679 2155 Pannonia,
702 2098 739 2161 qui
760 2115 804 2161 quo
824 2109 927 2162 tempore

127 2167 197 2219 Gothi
208 2165 247 2214 sub
257 2160 348 2211 Alarico
358 2156 484 2207 invaserunt
495 2159 624 2217 Graeciam,
640 2162 757 2207 Orientem
769 2161 881 2210 vallarunt
892 2179 927 2209 ao.

129 2247 182 2295 395.
202 2228 264 2277 Dein
277 2223 358 2274 Gallias
367 2222 432 2285 saepe
442 2220 566 2269 afflixerunt
581 2222 607 2268 ab
622 2237 655 2269 ao¹
670 2228 722 2282 383.
734 2225 801 2286 tthue
812 2226 838 2272 ad
849 2232 862 2269 a
872 2237 929 2280 451.>

127 2293 223 2344 maxime
239 2292 277 2339 sub
293 2286 374 2346 Attila,
390 2284 466 2349 quise
482 2284 593 2346 flagellum
609 2284 654 2331 Dei
669 2284 737 2344 dixit,
758 2300 781 2334 et
796 2285 929 2334 vastationes
998 2285 1000 2291 ’

126 2355 261 2406 inultivarias
271 2368 310 2416 per
327 2351 461 2407 Thraciam,
479 2346 585 2404 Galliam,
604 2348 718 2396 Graeciam
735 2361 757 2396 et
772 2348 869 2408 Italiam,
882 2350 930 2397 Ro·

125 2437 161 2472 ma
176 2432 265 2486 qrtoque
279 2426 356 2480 capta,
373 2414 554 2466 circumtulerunt
560 2430 568 2475 3
588 2425 688 2463 mortuus
709 2411 741 2462 est
757 2429 790 2462 aa.
806 2428 930 2527 453.Bcum

882 2491 931 2526 rear
