2173 2960
461 203 561 270 Paulum
576 220 623 268 Hs.
689 273 693 286 'x
890 236 936 282 ηρ

131 344 177 393 siue
196 343 285 391 tandem
305 337 414 386 Ecclefiae
434 338 588 387 reformandae
603 336 641 384 sub
663 338 743 384 Carolo
761 352 849 399 operam
866 340 930 387 dede⁴

132 410 183 456 rint.
219 407 282 471 Quae
299 403 373 449 omnia
387 402 487 464 suppono
498 414 551 448 nota
566 417 593 448 en
605 400 663 448 llill.
675 403 737 449 Eccl.
773 402 816 447 Sed
826 403 877 449 licet
889 403 931 451 ltoe

132 472 226 519 studium
239 465 362 528 Religionis
378 465 473 528 viguerit
488 466 511 510 in
527 464 636 521 Ecclesia,
653 463 705 512 illud
721 478 794 512 tamen
812 480 824 510 a
839 466 932 527 puritate

131 550 155 583 et
175 531 314 595 simplicitate
331 528 451 575 Cluilliana
470 528 564 574 multum
580 527 650 586 asuit,
676 541 698 575 et
719 529 865 577 fundamenta
885 528 934 576 sunt

129 599 188 664 joela
197 594 322 657 multiplicis
331 591 502 655 superstitionis,
515 602 537 637 et
553 591 701 653 comptionis
711 591 780 641 Vitae
790 607 815 638 ac
825 594 932 640 Morum:

133 661 172 725 (1)
185 660 260 706 Cultus
272 655 416 714 Stratiorum,
432 655 596 719 Reliquorum,
613 654 689 702 Crucis
705 671 731 703 ac
746 654 934 718 Imaginunr'sen-

134 726 175 771 srm
193 721 263 783 magis
283 719 367 775 creuit3
384 732 436 767 nota
451 734 539 782 quoque
554 718 676 765 Haereseos
695 717 722 767 iis
743 719 776 767 est
795 721 877 781 inusla,
898 719 936 783 qui

133 785 254 836 Ecclesram
269 786 295 831 ab
310 800 335 831 ea
350 783 506 845 superstitione
521 798 614 845 purgare
629 783 759 842 uoluerunt,
776 797 801 831 ut
814 785 837 832 in
849 784 935 848 Jonini·

133 868 178 899 arro
199 851 249 897 Sc.
266 849 310 896 lV.
332 860 354 894 et
375 846 497 909 lsigilantio
513 848 563 894 Sic.
582 847 612 895 V.
648 844 685 910 (2)
707 846 820 907 llrubitio,
842 850 933 907 odium,

133 917 196 964 lunias
206 926 227 961 et
238 911 347 970 libidines,
359 927 397 975 per
407 912 466 970 lites,
479 926 548 973 opum
559 909 723 970 abundantiam,
736 925 853 960 externum
863 913 934 977 splen·

134 979 223 1035 dorem,
234 975 317 1039 aliaque
327 975 400 1022 media
411 975 574 1039 acquisiverunt
585 972 649 1022 uires.
683 976 720 1040 (3)
734 975 857 1024 Dodrinae
867 993 932 1041 quae-

134 1043 185 1090 dam
199 1041 226 1089 ad
242 1039 502 1101 dominiumsupremum
517 1036 539 1083 in
551 1036 658 1096 Ecclesia,
671 1053 692 1086 et
702 1040 869 1103 corruptionem
885 1058 933 1088 mo-

134 1122 196 1162 rum,
209 1103 324 1151 tendentes
339 1100 548 1149 introduelaestmt:
571 1102 597 1148 ad
612 1102 662 1164 quas
677 1103 764 1161 resero,
784 1119 829 1151 rum
845 1103 935 1152 Tlrroni

135 1168 218 1232 Papalis
232 1166 385 1214 fundationem
401 1165 465 1228 super
481 1164 552 1212 uerbis
564 1164 642 1212 Chrilli
653 1177 675 1212 tn
692 1183 714 1213 er
727 1177 803 1228 petro,
820 1168 879 1230 quocl
890 1168 936 1231 pri·

137 1249 185 1280 mur
201 1230 255 1278 serit
275 1231 323 1278 Leo
340 1231 375 1277 M.
393 1230 441 1277 Sec.
459 1229 490 1277 V.
507 1227 597 1291 ejusque
612 1229 758 1277 elevationem
773 1246 813 1294 per
828 1230 940 1293 possesso·

135 1312 175 1345 nes
190 1308 299 1351 terrenas,
312 1293 395 1356 aliaque
410 1292 526 1356 priuilegia
542 1292 642 1340 concessa
652 1309 665 1339 a
675 1293 754 1357 Pipino
771 1306 793 1340 et
810 1295 888 1343 Carolo
899 1296 937 1344 M.

137 1374 192 1423 quae
212 1357 283 1426 prima
307 1357 397 1404 suerunt
422 1356 565 1404 fundamenta
596 1356 692 1419 supremi
717 1357 851 1422 principatus
877 1360 940 1407 Sedis

135 1425 259 1471 Romanae.
294 1422 332 1468 arlo
350 1419 510 1482 Conjugiorum
526 1419 616 1467 Clericis
635 1421 781 1470 ineundorum
802 1421 938 1472 interdictio·

136 1503 186 1534 nes:
203 1499 259 1549 quae
273 1500 325 1531 cum
342 1495 443 1546 tempore
458 1482 604 1546 multiplicem
618 1484 732 1533 libidinem
747 1485 807 1533 inter
822 1502 860 1534 eos
870 1504 939 1550 pepe-

136 1562 219 1597 rerunt.
255 1549 322 1610 Cujus
336 1546 400 1594 initia
415 1547 465 1594 sunt
485 1548 604 1610 repetenda
623 1564 635 1596 a
652 1548 730 1597 Siricio
751 1552 810 1612 Papa
830 1551 879 1602 Sec.
894 1554 939 1600 IV.

140 1618 184 1674 galo
200 1610 323 1675 Purgatorii
339 1609 469 1672 opinionem
484 1610 597 1659 inuetlam
612 1627 624 1658 a
646 1612 757 1677 Gregorio
773 1614 810 1662 M.
828 1616 876 1666 Sec.
894 1617 937 1665 Vs.

138 1677 205 1725 Unrle
221 1675 337 1738 multiplex
352 1674 455 1721 securitas
470 1674 562 1722 carnalis
578 1687 628 1723 nata
644 1675 688 1734 est,
706 1690 728 1724 et
744 1676 855 1725 variorum
872 1678 938 1727 vitio·

137 1756 186 1787 rum
201 1741 267 1786 lerna.
300 1751 338 1797 aro
354 1738 448 1784 Rituum
464 1737 574 1784 Ecclesiae
589 1750 732 1795 externorum
753 1739 845 1787 nimiam
867 1742 938 1791 uirtu-

137 1816 184 1849 tem
199 1801 226 1847 ad
241 1800 330 1847 sulutem
345 1799 463 1853 creditam,
479 1813 535 1861 quae
551 1813 616 1846 verae
631 1799 709 1861 pietati
729 1812 751 1847 et
767 1803 843 1850 uirtuti
859 1803 940 1856 incidit

138 1879 225 1915 neruos¹
259 1863 357 1925 Experto
371 1860 422 1908 dein
436 1859 468 1908 esl
488 1860 585 1908 Ecclesra
599 1863 647 1911 Sec.
670 1864 703 1910 IX
723 1863 840 1915 trillilsrma
860 1868 940 1919 harum

139 1927 288 1979 doslrinarum
308 1925 400 1983 effoeta,
421 1939 490 1988 quum
511 1936 559 1973 tota
579 1937 682 1988 corrupta
701 1927 783 1985 suerit,
810 1941 833 1976 et
853 1946 944 1994 praeter
961 1967 962 1970 ,

141 2005 254 2041 externam
275 1988 401 2037 deuotionis
420 1988 517 2051 speciem
538 2003 615 2050 parum
637 1989 682 2037 sani
702 2003 725 2037 et
746 1991 827 2039 solidae
853 1995 943 2057 pietatis

141 2054 208 2105 suerit
224 2052 246 2101 in
262 2052 360 2100 Ecclesra
374 2051 488 2115 superstes.
523 2053 598 2100 Cultus
614 2052 739 2117 Religiosus
755 2067 802 2102 erat
817 2067 878 2106 totus
897 2061 946 2111 sere

142 2116 314 2183 superstitiosus,
330 2115 355 2163 in
371 2114 539 2179 Reliquiarum‚
557 2115 690 2164 Sanslorum
706 2129 728 2165 et
744 2119 869 2183 Imaginurn
885 2128 945 2176 cultu
1012 2127 1013 2130 ’

142 2185 206 2232 situs:
223 2179 348 2244 ignorantia
358 2191 381 2226 et
392 2181 495 2227 tenebrae
505 2179 626 2228 Ecclesiam
637 2180 793 2240 obscurarunt3
815 2184 868 2233 uitia
883 2189 947 2239 luxus

143 2261 165 2296 et
180 2244 283 2305 libidinis,
299 2243 363 2292 initio
378 2242 438 2292 satio
458 2245 485 2291 ab
501 2243 558 2291 Aula
578 2243 704 2302 Pontificio,
725 2245 818 2307 grassata
837 2249 888 2299 sunt
908 2271 948 2318 pei·

145 2310 281 2367 Ecclesiam3
298 2310 370 2373 Papae
385 2306 505 2371 praecipue
516 2307 607 2355 suerunt
618 2307 768 2368 scelestissimi,
787 2310 869 2362 duabus
881 2317 946 2368 Scor.

131 2375 183 2426 tis,
200 2374 319 2422 Theodora
336 2385 359 2419 et
374 2371 488 2431 Marozia‚
499 2388 541 2434 pro
555 2372 617 2420 libitu
632 2370 809 2433 dominantibus3
829 2376 859 2424 ita
875 2392 913 2441 ut,
929 2385 945 2431 fr

144 2449 158 2478 a
169 2436 287 2483 Coenobiis
301 2435 412 2495 discedas,
432 2435 471 2483 vix
487 2435 566 2499 aliquid
582 2436 652 2483 bonae
668 2434 738 2497 frugis
758 2437 838 2497 alicubi
858 2441 944 2493 inveni.

94 2531 97 2535 *
144 2506 217 2573 retur,
233 2495 266 2542 Pii
282 2499 394 2546 latitabant
410 2510 431 2546 et
445 2501 578 2608 gemebant<
594 2499 666 2547 donec
682 2499 731 2550 See.
749 2501 794 2550 ΧΠ
809 2504 896 2565 publice
911 2508 946 2557 in-

552 2563 562 2609 l
848 2566 946 2623 surrexeu
