<?xml version="1.0" encoding="UTF-8"?>
<!DOCTYPE html PUBLIC "-//W3C//DTD XHTML 1.0 Transitional//EN"
    "http://www.w3.org/TR/xhtml1/DTD/xhtml1-transitional.dtd">
<html xmlns="http://www.w3.org/1999/xhtml" xml:lang="en" lang="en">
 <head>
  <title>
</title>
<meta http-equiv="Content-Type" content="text/html;charset=utf-8" />
  <meta name='ocr-system' content='tesseract 3.04.00' />
  <meta name='ocr-capabilities' content='ocr_page ocr_carea ocr_par ocr_line ocrx_word'/>
</head>
<body>
  <div class='ocr_page' id='page_1' title='image "MN40360ucmf_0_0121.png"; bbox 0 0 2173 2960; ppageno 0'>
   <div class='ocr_carea' id='block_1_1' title="bbox 448 179 922 242">
    <p class='ocr_par' dir='ltr' id='par_1_1' title="bbox 448 179 922 242">
     <span class='ocr_line' id='line_1_1' title="bbox 448 179 922 242; baseline -0.015 -8"><span class='ocrx_word' id='word_1_1' title='bbox 448 179 552 235; x_wconf 79' lang='lat' dir='ltr'>Perinditr</span> <span class='ocrx_word' id='word_1_2' title='bbox 572 183 593 231; x_wconf 89' lang='lat' dir='ltr'>I.</span> <span class='ocrx_word' id='word_1_3' title='bbox 894 187 922 242; x_wconf 73' lang='lat' dir='ltr'>ot</span> 
     </span>
    </p>
   </div>
   <div class='ocr_carea' id='block_1_2' title="bbox 88 297 943 2527">
    <p class='ocr_par' dir='ltr' id='par_1_2' title="bbox 117 297 924 494">
     <span class='ocr_line' id='line_1_2' title="bbox 117 297 924 370; baseline -0.012 -15"><span class='ocrx_word' id='word_1_4' title='bbox 117 303 262 370; x_wconf 71' lang='lat' dir='ltr'><strong>deceptione,</strong></span> <span class='ocrx_word' id='word_1_5' title='bbox 278 301 316 368; x_wconf 89' lang='lat' dir='ltr'>qni</span> <span class='ocrx_word' id='word_1_6' title='bbox 333 299 445 350; x_wconf 86' lang='lat' dir='ltr'>Christum</span> <span class='ocrx_word' id='word_1_7' title='bbox 460 297 534 353; x_wconf 82' lang='lat' dir='ltr'>adesse</span> <span class='ocrx_word' id='word_1_8' title='bbox 549 300 665 361; x_wconf 82' lang='lat' dir='ltr'>dicebant,</span> <span class='ocrx_word' id='word_1_9' title='bbox 681 298 813 365; x_wconf 78' lang='lat' dir='ltr'>praemils03</span> <span class='ocrx_word' id='word_1_10' title='bbox 833 298 924 363; x_wconf 84' lang='lat' dir='ltr'>respon-</span> 
     </span>
     <span class='ocr_line' id='line_1_3' title="bbox 118 361 922 434; baseline -0.012 -15"><span class='ocrx_word' id='word_1_11' title='bbox 118 372 156 419; x_wconf 88' lang='lat' dir='ltr'>det</span> <span class='ocrx_word' id='word_1_12' title='bbox 171 371 197 418; x_wconf 90' lang='lat' dir='ltr'>ad</span> <span class='ocrx_word' id='word_1_13' title='bbox 212 370 311 434; x_wconf 81' lang='lat' dir='ltr'>primurn</span> <span class='ocrx_word' id='word_1_14' title='bbox 327 365 462 428; x_wconf 82' lang='lat' dir='ltr'>quaelittiin3</span> <span class='ocrx_word' id='word_1_15' title='bbox 479 367 510 415; x_wconf 88' lang='lat' dir='ltr'>ita</span> <span class='ocrx_word' id='word_1_16' title='bbox 525 379 550 415; x_wconf 86' lang='lat' dir='ltr'>nt</span> <span class='ocrx_word' id='word_1_17' title='bbox 562 365 601 430; x_wconf 88' lang='lat' dir='ltr'>(i)</span> <span class='ocrx_word' id='word_1_18' title='bbox 613 364 772 413; x_wconf 73' lang='lat' dir='ltr'>antecedentia</span> <span class='ocrx_word' id='word_1_19' title='bbox 783 362 863 410; x_wconf 83' lang='lat' dir='ltr'>excidii</span> <span class='ocrx_word' id='word_1_20' title='bbox 874 361 922 425; x_wconf 80' lang='lat' dir='ltr'>sig-</span> 
     </span>
     <span class='ocr_line' id='line_1_4' title="bbox 119 427 866 494; baseline -0.004 -18"><span class='ocrx_word' id='word_1_21' title='bbox 119 450 146 483; x_wconf 69' lang='lat' dir='ltr'>na</span> <span class='ocrx_word' id='word_1_22' title='bbox 162 452 184 483; x_wconf 76' lang='lat' dir='ltr'>v,</span> <span class='ocrx_word' id='word_1_23' title='bbox 202 441 287 491; x_wconf 55' lang='lat' dir='ltr'>outa.</span> <span class='ocrx_word' id='word_1_24' title='bbox 324 427 363 494; x_wconf 72' lang='lat' dir='ltr'>(a)</span> <span class='ocrx_word' id='word_1_25' title='bbox 374 427 453 490; x_wconf 58' lang='lat' dir='ltr'>,ipsum</span> <span class='ocrx_word' id='word_1_26' title='bbox 468 430 589 478; x_wconf 85' lang='lat' dir='ltr'>Excidiuni</span> <span class='ocrx_word' id='word_1_27' title='bbox 604 429 708 487; x_wconf 73' lang='lat' dir='ltr'>exhibeat</span> <span class='ocrx_word' id='word_1_28' title='bbox 723 445 746 476; x_wconf 83' lang='lat' dir='ltr'>ir.</span> <span class='ocrx_word' id='word_1_29' title='bbox 767 440 866 486; x_wconf 70' lang='lat' dir='ltr'>15---aa</span> 
     </span>
    </p>

    <p class='ocr_par' dir='ltr' id='par_1_3' title="bbox 115 488 927 940">
     <span class='ocr_line' id='line_1_5' title="bbox 147 488 923 556; baseline -0.012 -14"><span class='ocrx_word' id='word_1_30' title='bbox 147 492 148 496; x_wconf 63' lang='grc'>’</span> <span class='ocrx_word' id='word_1_31' title='bbox 223 499 225 503; x_wconf 82' lang='grc'><strong>“</strong></span> <span class='ocrx_word' id='word_1_32' title='bbox 329 509 331 512; x_wconf 69' lang='grc'>’</span> <span class='ocrx_word' id='word_1_33' title='bbox 343 508 368 551; x_wconf 71' lang='lat'>3.</span> <span class='ocrx_word' id='word_1_34' title='bbox 386 493 448 539; x_wconf 84' lang='lat' dir='ltr'>&#39;I&#39;niu</span> <span class='ocrx_word' id='word_1_35' title='bbox 464 493 590 556; x_wconf 79' lang='lat' dir='ltr'>Discipulos</span> <span class='ocrx_word' id='word_1_36' title='bbox 606 492 726 550; x_wconf 80' lang='lat' dir='ltr'>admonet,</span> <span class='ocrx_word' id='word_1_37' title='bbox 752 504 777 538; x_wconf 91' lang='lat' dir='ltr'>ut</span> <span class='ocrx_word' id='word_1_38' title='bbox 793 488 832 537; x_wconf 88' lang='lat' dir='ltr'>sibi</span> <span class='ocrx_word' id='word_1_39' title='bbox 848 490 876 535; x_wconf 88' lang='lat' dir='ltr'>ab</span> <span class='ocrx_word' id='word_1_40' title='bbox 892 503 923 533; x_wconf 86' lang='lat' dir='ltr'>cr-</span> 
     </span>
     <span class='ocr_line' id='line_1_6' title="bbox 116 555 927 621; baseline -0.015 -12"><span class='ocrx_word' id='word_1_41' title='bbox 116 577 167 610; x_wconf 93' lang='lat' dir='ltr'>rore</span> <span class='ocrx_word' id='word_1_42' title='bbox 183 560 219 607; x_wconf 93' lang='lat' dir='ltr'>illo</span> <span class='ocrx_word' id='word_1_43' title='bbox 236 569 340 615; x_wconf 83' lang='lat' dir='ltr'>careant,</span> <span class='ocrx_word' id='word_1_44' title='bbox 369 572 412 604; x_wconf 90' lang='lat' dir='ltr'>nec</span> <span class='ocrx_word' id='word_1_45' title='bbox 427 555 566 621; x_wconf 73' lang='lat' dir='ltr'>decipiantur</span> <span class='ocrx_word' id='word_1_46' title='bbox 580 570 620 619; x_wconf 86' lang='lat' dir='ltr'>per</span> <span class='ocrx_word' id='word_1_47' title='bbox 634 555 695 613; x_wconf 91' lang='lat' dir='ltr'>illos,</span> <span class='ocrx_word' id='word_1_48' title='bbox 723 555 761 617; x_wconf 90' lang='lat' dir='ltr'>qni</span> <span class='ocrx_word' id='word_1_49' title='bbox 783 555 927 600; x_wconf 83' lang='lat' dir='ltr'>Servatoreni</span> 
     </span>
     <span class='ocr_line' id='line_1_7' title="bbox 116 615 926 684; baseline -0.015 -13"><span class='ocrx_word' id='word_1_50' title='bbox 116 622 188 674; x_wconf 80' lang='lat' dir='ltr'>adell&#39;e</span> <span class='ocrx_word' id='word_1_51' title='bbox 210 622 326 669; x_wconf 80' lang='lat' dir='ltr'>nolebant:</span> <span class='ocrx_word' id='word_1_52' title='bbox 348 637 368 668; x_wconf 93' lang='lat' dir='ltr'>i.</span> <span class='ocrx_word' id='word_1_53' title='bbox 386 635 465 681; x_wconf 86' lang='lat' dir='ltr'>exeo,</span> <span class='ocrx_word' id='word_1_54' title='bbox 483 620 543 684; x_wconf 84' lang='lat' dir='ltr'>qnod</span> <span class='ocrx_word' id='word_1_55' title='bbox 558 622 667 668; x_wconf 81' lang='lat' dir='ltr'>adrentus</span> <span class='ocrx_word' id='word_1_56' title='bbox 682 618 732 666; x_wconf 87' lang='lat' dir='ltr'>stitis</span> <span class='ocrx_word' id='word_1_57' title='bbox 743 634 790 666; x_wconf 92' lang='lat' dir='ltr'>non</span> <span class='ocrx_word' id='word_1_58' title='bbox 805 617 831 664; x_wconf 91' lang='lat' dir='ltr'>sit</span> <span class='ocrx_word' id='word_1_59' title='bbox 846 615 870 663; x_wconf 92' lang='lat' dir='ltr'>in</span> <span class='ocrx_word' id='word_1_60' title='bbox 881 630 926 660; x_wconf 91' lang='lat' dir='ltr'>nno</span> 
     </span>
     <span class='ocr_line' id='line_1_8' title="bbox 115 678 925 743; baseline -0.012 -9"><span class='ocrx_word' id='word_1_61' title='bbox 115 689 181 743; x_wconf 80' lang='lat' dir='ltr'>loc03</span> <span class='ocrx_word' id='word_1_62' title='bbox 198 682 240 732; x_wconf 88' lang='lat' dir='ltr'>nec</span> <span class='ocrx_word' id='word_1_63' title='bbox 256 684 284 731; x_wconf 78' lang='lat' dir='ltr'>ael</span> <span class='ocrx_word' id='word_1_64' title='bbox 299 697 414 731; x_wconf 75' lang='lat' dir='ltr'>externam</span> <span class='ocrx_word' id='word_1_65' title='bbox 429 684 583 733; x_wconf 79' lang='lat' dir='ltr'>liberationem</span> <span class='ocrx_word' id='word_1_66' title='bbox 599 682 699 740; x_wconf 87' lang='lat' dir='ltr'>stitnrtis;</span> <span class='ocrx_word' id='word_1_67' title='bbox 716 681 753 729; x_wconf 86' lang='lat' dir='ltr'>sed</span> <span class='ocrx_word' id='word_1_68' title='bbox 768 680 795 728; x_wconf 89' lang='lat' dir='ltr'>ad</span> <span class='ocrx_word' id='word_1_69' title='bbox 806 679 874 727; x_wconf 89' lang='lat' dir='ltr'>inllar</span> <span class='ocrx_word' id='word_1_70' title='bbox 885 678 925 725; x_wconf 59' lang='lat' dir='ltr'>stilss</span> 
     </span>
     <span class='ocr_line' id='line_1_9' title="bbox 116 743 927 812; baseline -0.011 -15"><span class='ocrx_word' id='word_1_71' title='bbox 116 748 193 798; x_wconf 83' lang='lat' dir='ltr'>initiis:</span> <span class='ocrx_word' id='word_1_72' title='bbox 222 763 242 796; x_wconf 88' lang='lat'>2.</span> <span class='ocrx_word' id='word_1_73' title='bbox 265 748 324 810; x_wconf 86' lang='lat' dir='ltr'>quod</span> <span class='ocrx_word' id='word_1_74' title='bbox 346 748 441 795; x_wconf 81' lang='lat' dir='ltr'>cadaver</span> <span class='ocrx_word' id='word_1_75' title='bbox 456 748 529 812; x_wconf 85' lang='lat' dir='ltr'>gentis</span> <span class='ocrx_word' id='word_1_76' title='bbox 550 746 655 810; x_wconf 85' lang='lat' dir='ltr'>Judaicae</span> <span class='ocrx_word' id='word_1_77' title='bbox 677 746 737 794; x_wconf 82' lang='lat' dir='ltr'>varie</span> <span class='ocrx_word' id='word_1_78' title='bbox 758 745 785 792; x_wconf 89' lang='lat' dir='ltr'>sit</span> <span class='ocrx_word' id='word_1_79' title='bbox 800 743 927 805; x_wconf 58' lang='lat' dir='ltr'>discerpenss</span> 
     </span>
     <span class='ocr_line' id='line_1_10' title="bbox 117 805 927 874; baseline -0.011 -13"><span class='ocrx_word' id='word_1_80' title='bbox 117 814 171 861; x_wconf 90' lang='lat' dir='ltr'>dnm</span> <span class='ocrx_word' id='word_1_81' title='bbox 186 812 213 859; x_wconf 88' lang='lat' dir='ltr'>ab</span> <span class='ocrx_word' id='word_1_82' title='bbox 233 810 319 874; x_wconf 85' lang='lat' dir='ltr'>aquilis:</span> <span class='ocrx_word' id='word_1_83' title='bbox 343 827 364 872; x_wconf 77' lang='lat'>3.</span> <span class='ocrx_word' id='word_1_84' title='bbox 377 812 436 874; x_wconf 86' lang='lat' dir='ltr'>qtiod</span> <span class='ocrx_word' id='word_1_85' title='bbox 453 828 511 871; x_wconf 86' lang='lat' dir='ltr'>non,</span> <span class='ocrx_word' id='word_1_86' title='bbox 524 811 565 872; x_wconf 86' lang='lat' dir='ltr'>nili</span> <span class='ocrx_word' id='word_1_87' title='bbox 581 810 632 874; x_wconf 85' lang='lat' dir='ltr'>post</span> <span class='ocrx_word' id='word_1_88' title='bbox 649 809 736 858; x_wconf 87' lang='lat' dir='ltr'>finitam</span> <span class='ocrx_word' id='word_1_89' title='bbox 752 823 843 857; x_wconf 86' lang='lat' dir='ltr'>omnem</span> <span class='ocrx_word' id='word_1_90' title='bbox 859 805 927 854; x_wconf 85' lang='lat' dir='ltr'>afflic-</span> 
     </span>
     <span class='ocr_line' id='line_1_11' title="bbox 116 872 926 940; baseline -0.005 -16"><span class='ocrx_word' id='word_1_91' title='bbox 116 877 200 926; x_wconf 86' lang='lat' dir='ltr'>tionem</span> <span class='ocrx_word' id='word_1_92' title='bbox 211 876 360 940; x_wconf 85' lang='lat' dir='ltr'>Jtidaeoium,</span> <span class='ocrx_word' id='word_1_93' title='bbox 376 877 484 939; x_wconf 79' lang='lat' dir='ltr'>Regnum</span> <span class='ocrx_word' id='word_1_94' title='bbox 497 873 579 925; x_wconf 91' lang='lat' dir='ltr'>Clirilli</span> <span class='ocrx_word' id='word_1_95' title='bbox 595 873 725 937; x_wconf 85' lang='lat' dir='ltr'>erigendum</span> <span class='ocrx_word' id='word_1_96' title='bbox 736 872 775 922; x_wconf 84' lang='lat' dir='ltr'>sit:</span> <span class='ocrx_word' id='word_1_97' title='bbox 792 889 815 920; x_wconf 86' lang='lat' dir='ltr'>v.</span> <span class='ocrx_word' id='word_1_98' title='bbox 834 885 926 932; x_wconf 66' lang='lat' dir='ltr'>agneo.</span> 
     </span>
    </p>

    <p class='ocr_par' dir='ltr' id='par_1_4' title="bbox 142 941 250 988">
     <span class='ocr_line' id='line_1_12' title="bbox 142 941 250 988; baseline 0 -1"><span class='ocrx_word' id='word_1_99' title='bbox 142 941 214 988; x_wconf 86' lang='lat' dir='ltr'>tiando</span> <span class='ocrx_word' id='word_1_100' title='bbox 249 951 250 954; x_wconf 76' lang='grc'>’</span> 
     </span>
    </p>

    <p class='ocr_par' dir='ltr' id='par_1_5' title="bbox 115 942 928 1131">
     <span class='ocr_line' id='line_1_13' title="bbox 119 942 928 1067; baseline -0.01 -14"><span class='ocrx_word' id='word_1_101' title='bbox 119 942 147 1009; x_wconf 68' lang='lat' dir='ltr'><em>Q</em></span> <span class='ocrx_word' id='word_1_102' title='bbox 345 1017 365 1065; x_wconf 65' lang='lat' dir='ltr'>p.</span> <span class='ocrx_word' id='word_1_103' title='bbox 381 1003 458 1067; x_wconf 81' lang='lat' dir='ltr'>Pergit</span> <span class='ocrx_word' id='word_1_104' title='bbox 472 1002 500 1050; x_wconf 85' lang='lat' dir='ltr'>ad</span> <span class='ocrx_word' id='word_1_105' title='bbox 510 1001 616 1050; x_wconf 85' lang='lat' dir='ltr'>illustrem</span> <span class='ocrx_word' id='word_1_106' title='bbox 626 1001 688 1050; x_wconf 85' lang='lat' dir='ltr'>suuni</span> <span class='ocrx_word' id='word_1_107' title='bbox 698 1000 820 1050; x_wconf 83' lang='lat' dir='ltr'>adrentum</span> <span class='ocrx_word' id='word_1_108' title='bbox 831 1011 854 1047; x_wconf 89' lang='lat' dir='ltr'>et</span> <span class='ocrx_word' id='word_1_109' title='bbox 865 999 928 1060; x_wconf 83' lang='lat' dir='ltr'>Reg-</span> 
     </span>
     <span class='ocr_line' id='line_1_14' title="bbox 115 1065 530 1131; baseline -0.002 -15"><span class='ocrx_word' id='word_1_110' title='bbox 115 1078 172 1117; x_wconf 65' lang='lat' dir='ltr'>,nuni</span> <span class='ocrx_word' id='word_1_111' title='bbox 189 1065 371 1126; x_wconf 88' lang='lat' dir='ltr'>describendum,</span> <span class='ocrx_word' id='word_1_112' title='bbox 393 1084 415 1116; x_wconf 89' lang='lat' dir='ltr'>v.</span> <span class='ocrx_word' id='word_1_113' title='bbox 435 1065 530 1131; x_wconf 73' lang='lat' dir='ltr'>3osenn&#39;.</span> 
     </span>
    </p>

    <p class='ocr_par' dir='ltr' id='par_1_6' title="bbox 117 1126 940 2205">
     <span class='ocr_line' id='line_1_15' title="bbox 152 1126 928 1193; baseline -0.005 -16"><span class='ocrx_word' id='word_1_114' title='bbox 152 1130 173 1193; x_wconf 77' lang='lat'>§.</span> <span class='ocrx_word' id='word_1_115' title='bbox 189 1132 251 1179; x_wconf 83' lang='lat' dir='ltr'>Lix.</span> <span class='ocrx_word' id='word_1_116' title='bbox 343 1130 448 1193; x_wconf 82' lang='lat' dir='ltr'>Superest</span> <span class='ocrx_word' id='word_1_117' title='bbox 468 1146 542 1189; x_wconf 85' lang='lat' dir='ltr'>nunc,</span> <span class='ocrx_word' id='word_1_118' title='bbox 570 1140 595 1176; x_wconf 88' lang='lat' dir='ltr'>ut</span> <span class='ocrx_word' id='word_1_119' title='bbox 616 1130 757 1178; x_wconf 80' lang='lat' dir='ltr'>Harmoniam</span> <span class='ocrx_word' id='word_1_120' title='bbox 772 1129 879 1176; x_wconf 82' lang='lat' dir='ltr'>Fatorum</span> <span class='ocrx_word' id='word_1_121' title='bbox 894 1126 928 1173; x_wconf 77' lang='lat' dir='ltr'>V.</span> 
     </span>
     <span class='ocr_line' id='line_1_16' title="bbox 119 1190 930 1260; baseline -0.007 -19"><span class='ocrx_word' id='word_1_122' title='bbox 119 1206 142 1241; x_wconf 88' lang='lat' dir='ltr'>et</span> <span class='ocrx_word' id='word_1_123' title='bbox 153 1194 186 1242; x_wconf 89' lang='lat' dir='ltr'>N.</span> <span class='ocrx_word' id='word_1_124' title='bbox 206 1194 236 1249; x_wconf 88' lang='lat' dir='ltr'>T.</span> <span class='ocrx_word' id='word_1_125' title='bbox 252 1193 455 1257; x_wconf 87' lang='lat' dir='ltr'>repraesentemus,</span> <span class='ocrx_word' id='word_1_126' title='bbox 471 1194 518 1242; x_wconf 85' lang='lat' dir='ltr'>stre</span> <span class='ocrx_word' id='word_1_127' title='bbox 529 1191 736 1242; x_wconf 88' lang='lat' dir='ltr'>Considerationent</span> <span class='ocrx_word' id='word_1_128' title='bbox 746 1190 930 1260; x_wconf 65' lang='lat' dir='ltr'>isdigerdes-Era-</span> 
     </span>
     <span class='ocr_line' id='line_1_17' title="bbox 117 1254 931 1321; baseline -0.007 -16"><span class='ocrx_word' id='word_1_129' title='bbox 117 1258 238 1321; x_wconf 64' lang='lat' dir='ltr'>platinam</span> <span class='ocrx_word' id='word_1_130' title='bbox 260 1272 317 1320; x_wconf 87' lang='lat' dir='ltr'>quac</span> <span class='ocrx_word' id='word_1_131' title='bbox 332 1258 421 1320; x_wconf 88' lang='lat' dir='ltr'>collatio</span> <span class='ocrx_word' id='word_1_132' title='bbox 437 1257 530 1306; x_wconf 87' lang='lat' dir='ltr'>anobis</span> <span class='ocrx_word' id='word_1_133' title='bbox 546 1255 654 1320; x_wconf 89' lang='lat' dir='ltr'>repetitur</span> <span class='ocrx_word' id='word_1_134' title='bbox 669 1258 696 1304; x_wconf 89' lang='lat' dir='ltr'>ab</span> <span class='ocrx_word' id='word_1_135' title='bbox 712 1256 811 1304; x_wconf 82' lang='lat' dir='ltr'>Ecclesia</span> <span class='ocrx_word' id='word_1_136' title='bbox 826 1254 931 1318; x_wconf 76' lang='lat' dir='ltr'>Jttdaica,</span> 
     </span>
     <span class='ocr_line' id='line_1_18' title="bbox 119 1317 930 1385; baseline -0.009 -16"><span class='ocrx_word' id='word_1_137' title='bbox 119 1321 156 1369; x_wconf 90' lang='lat' dir='ltr'>vel</span> <span class='ocrx_word' id='word_1_138' title='bbox 171 1320 303 1381; x_wconf 81' lang='lat' dir='ltr'>israelitica,</span> <span class='ocrx_word' id='word_1_139' title='bbox 319 1337 367 1369; x_wconf 91' lang='lat' dir='ltr'>non</span> <span class='ocrx_word' id='word_1_140' title='bbox 383 1321 458 1370; x_wconf 87' lang='lat' dir='ltr'>altius:</span> <span class='ocrx_word' id='word_1_141' title='bbox 480 1321 541 1385; x_wconf 88' lang='lat' dir='ltr'>quod</span> <span class='ocrx_word' id='word_1_142' title='bbox 558 1321 644 1368; x_wconf 87' lang='lat' dir='ltr'>Rerum</span> <span class='ocrx_word' id='word_1_143' title='bbox 659 1319 724 1367; x_wconf 87' lang='lat' dir='ltr'>series</span> <span class='ocrx_word' id='word_1_144' title='bbox 739 1331 790 1368; x_wconf 89' lang='lat' dir='ltr'>ante</span> <span class='ocrx_word' id='word_1_145' title='bbox 804 1317 857 1366; x_wconf 91' lang='lat' dir='ltr'>illud</span> <span class='ocrx_word' id='word_1_146' title='bbox 872 1330 930 1365; x_wconf 91' lang='lat' dir='ltr'>tem-</span> 
     </span>
     <span class='ocr_line' id='line_1_19' title="bbox 120 1381 931 1448; baseline -0.005 -18"><span class='ocrx_word' id='word_1_147' title='bbox 120 1400 162 1448; x_wconf 86' lang='lat' dir='ltr'>pus</span> <span class='ocrx_word' id='word_1_148' title='bbox 177 1383 216 1432; x_wconf 90' lang='lat' dir='ltr'>sibi</span> <span class='ocrx_word' id='word_1_149' title='bbox 232 1400 280 1431; x_wconf 90' lang='lat' dir='ltr'>non</span> <span class='ocrx_word' id='word_1_150' title='bbox 295 1384 394 1444; x_wconf 86' lang='lat' dir='ltr'>constat,</span> <span class='ocrx_word' id='word_1_151' title='bbox 415 1400 458 1432; x_wconf 90' lang='lat' dir='ltr'>nec</span> <span class='ocrx_word' id='word_1_152' title='bbox 473 1383 601 1433; x_wconf 85' lang='lat' dir='ltr'>Historiam</span> <span class='ocrx_word' id='word_1_153' title='bbox 617 1399 693 1432; x_wconf 89' lang='lat' dir='ltr'>earum</span> <span class='ocrx_word' id='word_1_154' title='bbox 709 1384 816 1431; x_wconf 88' lang='lat' dir='ltr'>habemns</span> <span class='ocrx_word' id='word_1_155' title='bbox 832 1381 931 1443; x_wconf 85' lang='lat' dir='ltr'>comple-</span> 
     </span>
     <span class='ocr_line' id='line_1_20' title="bbox 118 1443 932 1511; baseline -0.007 -16"><span class='ocrx_word' id='word_1_156' title='bbox 118 1461 172 1495; x_wconf 88' lang='lat' dir='ltr'>tam.</span> <span class='ocrx_word' id='word_1_157' title='bbox 207 1447 360 1496; x_wconf 85' lang='lat' dir='ltr'>Fundamenta</span> <span class='ocrx_word' id='word_1_158' title='bbox 379 1464 435 1497; x_wconf 89' lang='lat' dir='ltr'>vero</span> <span class='ocrx_word' id='word_1_159' title='bbox 457 1446 658 1511; x_wconf 86' lang='lat' dir='ltr'>Contemplationis</span> <span class='ocrx_word' id='word_1_160' title='bbox 673 1443 932 1510; x_wconf 73' lang='lat' dir='ltr'>allegorico-Prophcti</span> 
     </span>
     <span class='ocr_line' id='line_1_21' title="bbox 121 1509 935 1575; baseline -0.005 -17"><span class='ocrx_word' id='word_1_161' title='bbox 121 1525 161 1558; x_wconf 85' lang='lat' dir='ltr'>eae</span> <span class='ocrx_word' id='word_1_162' title='bbox 181 1509 229 1557; x_wconf 89' lang='lat' dir='ltr'>sunt</span> <span class='ocrx_word' id='word_1_163' title='bbox 249 1524 356 1573; x_wconf 87' lang='lat' dir='ltr'>qtiatnor:</span> <span class='ocrx_word' id='word_1_164' title='bbox 385 1510 424 1575; x_wconf 87' lang='lat' dir='ltr'>(i)</span> <span class='ocrx_word' id='word_1_165' title='bbox 446 1511 614 1560; x_wconf 88' lang='lat' dir='ltr'>Liberationem</span> <span class='ocrx_word' id='word_1_166' title='bbox 636 1527 664 1559; x_wconf 90' lang='lat' dir='ltr'>ex</span> <span class='ocrx_word' id='word_1_167' title='bbox 685 1512 789 1574; x_wconf 85' lang='lat' dir='ltr'>AEgypto</span> <span class='ocrx_word' id='word_1_168' title='bbox 810 1509 935 1573; x_wconf 79' lang='lat' dir='ltr'>expingere</span> 
     </span>
     <span class='ocr_line' id='line_1_22' title="bbox 120 1572 934 1637; baseline -0.005 -15"><span class='ocrx_word' id='word_1_169' title='bbox 120 1572 299 1622; x_wconf 79' lang='lat' dir='ltr'>vindicationem</span> <span class='ocrx_word' id='word_1_170' title='bbox 314 1574 425 1623; x_wconf 73' lang='lat' dir='ltr'>Ecclesiae</span> <span class='ocrx_word' id='word_1_171' title='bbox 441 1590 454 1622; x_wconf 89' lang='lat' dir='ltr'>e</span> <span class='ocrx_word' id='word_1_172' title='bbox 469 1575 579 1637; x_wconf 87' lang='lat' dir='ltr'>potestate</span> <span class='ocrx_word' id='word_1_173' title='bbox 595 1573 695 1636; x_wconf 87' lang='lat' dir='ltr'>peceati,</span> <span class='ocrx_word' id='word_1_174' title='bbox 713 1575 808 1626; x_wconf 88' lang='lat' dir='ltr'>Satanae</span> <span class='ocrx_word' id='word_1_175' title='bbox 819 1586 842 1621; x_wconf 89' lang='lat' dir='ltr'>et</span> <span class='ocrx_word' id='word_1_176' title='bbox 852 1572 934 1620; x_wconf 83' lang='lat' dir='ltr'>institi·</span> 
     </span>
     <span class='ocr_line' id='line_1_23' title="bbox 122 1634 934 1702; baseline -0.002 -17"><span class='ocrx_word' id='word_1_177' title='bbox 122 1634 249 1685; x_wconf 85' lang='lat' dir='ltr'>mentorum</span> <span class='ocrx_word' id='word_1_178' title='bbox 265 1639 324 1700; x_wconf 87' lang='lat' dir='ltr'>ejiis,</span> <span class='ocrx_word' id='word_1_179' title='bbox 350 1653 390 1702; x_wconf 89' lang='lat' dir='ltr'>per</span> <span class='ocrx_word' id='word_1_180' title='bbox 406 1637 489 1688; x_wconf 86' lang='lat' dir='ltr'>Christi</span> <span class='ocrx_word' id='word_1_181' title='bbox 505 1637 643 1701; x_wconf 83' lang='lat' dir='ltr'>Sanguinem</span> <span class='ocrx_word' id='word_1_182' title='bbox 658 1650 761 1685; x_wconf 90' lang='lat' dir='ltr'>recenter</span> <span class='ocrx_word' id='word_1_183' title='bbox 776 1637 857 1686; x_wconf 86' lang='lat' dir='ltr'>fusum.</span> <span class='ocrx_word' id='word_1_184' title='bbox 893 1634 934 1700; x_wconf 85' lang='lat' dir='ltr'>(a)</span> 
     </span>
     <span class='ocr_line' id='line_1_24' title="bbox 123 1700 934 1762; baseline -0.005 -13"><span class='ocrx_word' id='word_1_185' title='bbox 123 1700 197 1761; x_wconf 81' lang='lat' dir='ltr'>ipsam</span> <span class='ocrx_word' id='word_1_186' title='bbox 211 1700 375 1750; x_wconf 74' lang='lat' dir='ltr'>tradnblionem</span> <span class='ocrx_word' id='word_1_187' title='bbox 390 1701 414 1750; x_wconf 90' lang='lat' dir='ltr'>in</span> <span class='ocrx_word' id='word_1_188' title='bbox 432 1704 572 1751; x_wconf 76' lang='lat' dir='ltr'>cananaeam</span> <span class='ocrx_word' id='word_1_189' title='bbox 592 1701 758 1762; x_wconf 86' lang='lat' dir='ltr'>repraesentare</span> <span class='ocrx_word' id='word_1_190' title='bbox 777 1701 934 1748; x_wconf 86' lang='lat' dir='ltr'>haereditarent</span> 
     </span>
     <span class='ocr_line' id='line_1_25' title="bbox 123 1761 934 1825; baseline -0.001 -15"><span class='ocrx_word' id='word_1_191' title='bbox 123 1763 210 1810; x_wconf 84' lang='lat' dir='ltr'>Terrae</span> <span class='ocrx_word' id='word_1_192' title='bbox 225 1775 247 1809; x_wconf 90' lang='lat' dir='ltr'>et</span> <span class='ocrx_word' id='word_1_193' title='bbox 259 1764 365 1810; x_wconf 88' lang='lat' dir='ltr'>Gentium</span> <span class='ocrx_word' id='word_1_194' title='bbox 376 1775 479 1824; x_wconf 87' lang='lat' dir='ltr'>tempore</span> <span class='ocrx_word' id='word_1_195' title='bbox 495 1763 633 1821; x_wconf 84' lang='lat' dir='ltr'>Constantini</span> <span class='ocrx_word' id='word_1_196' title='bbox 649 1764 697 1820; x_wconf 86' lang='lat' dir='ltr'>M,</span> <span class='ocrx_word' id='word_1_197' title='bbox 710 1775 733 1808; x_wconf 87' lang='lat' dir='ltr'>et</span> <span class='ocrx_word' id='word_1_198' title='bbox 742 1763 855 1823; x_wconf 74' lang='lat' dir='ltr'>deinceps</span> <span class='ocrx_word' id='word_1_199' title='bbox 891 1761 934 1825; x_wconf 85' lang='lat'>(3)</span> 
     </span>
     <span class='ocr_line' id='line_1_26' title="bbox 124 1822 934 1887; baseline 0.001 -15"><span class='ocrx_word' id='word_1_200' title='bbox 124 1824 217 1872; x_wconf 88' lang='lat' dir='ltr'>Exitum</span> <span class='ocrx_word' id='word_1_201' title='bbox 237 1838 266 1871; x_wconf 91' lang='lat' dir='ltr'>ex</span> <span class='ocrx_word' id='word_1_202' title='bbox 281 1824 354 1872; x_wconf 91' lang='lat' dir='ltr'>Exilio</span> <span class='ocrx_word' id='word_1_203' title='bbox 370 1824 507 1887; x_wconf 86' lang='lat' dir='ltr'>Babylonico</span> <span class='ocrx_word' id='word_1_204' title='bbox 522 1822 632 1872; x_wconf 89' lang='lat' dir='ltr'>delineare</span> <span class='ocrx_word' id='word_1_205' title='bbox 651 1823 806 1872; x_wconf 86' lang='lat' dir='ltr'>liberationem</span> <span class='ocrx_word' id='word_1_206' title='bbox 821 1826 934 1873; x_wconf 82' lang='lat' dir='ltr'>Ecclesiae</span> 
     </span>
     <span class='ocr_line' id='line_1_27' title="bbox 123 1884 934 1951; baseline 0 -16"><span class='ocrx_word' id='word_1_207' title='bbox 123 1889 150 1935; x_wconf 86' lang='lat' dir='ltr'>ab</span> <span class='ocrx_word' id='word_1_208' title='bbox 166 1884 305 1934; x_wconf 84' lang='lat' dir='ltr'>Antichristo</span> <span class='ocrx_word' id='word_1_209' title='bbox 325 1903 367 1951; x_wconf 92' lang='lat' dir='ltr'>per</span> <span class='ocrx_word' id='word_1_210' title='bbox 388 1886 594 1936; x_wconf 85' lang='lat' dir='ltr'>Reformationem.</span> <span class='ocrx_word' id='word_1_211' title='bbox 630 1885 668 1951; x_wconf 79' lang='lat'>(4)</span> <span class='ocrx_word' id='word_1_212' title='bbox 686 1886 873 1938; x_wconf 86' lang='lat' dir='ltr'>Vindicationeiu</span> <span class='ocrx_word' id='word_1_213' title='bbox 889 1889 934 1936; x_wconf 86' lang='lat' dir='ltr'>Ec-</span> 
     </span>
     <span class='ocr_line' id='line_1_28' title="bbox 125 1950 937 2014; baseline 0.001 -15"><span class='ocrx_word' id='word_1_214' title='bbox 125 1950 203 1999; x_wconf 88' lang='lat' dir='ltr'>clesiae</span> <span class='ocrx_word' id='word_1_215' title='bbox 219 1965 259 2014; x_wconf 90' lang='lat' dir='ltr'>per</span> <span class='ocrx_word' id='word_1_216' title='bbox 275 1951 425 1999; x_wconf 83' lang='lat' dir='ltr'>Maccabaeos</span> <span class='ocrx_word' id='word_1_217' title='bbox 441 1950 566 2014; x_wconf 80' lang='lat' dir='ltr'>expingere</span> <span class='ocrx_word' id='word_1_218' title='bbox 581 1951 701 2014; x_wconf 85' lang='lat' dir='ltr'>praecipue</span> <span class='ocrx_word' id='word_1_219' title='bbox 716 1951 809 1999; x_wconf 91' lang='lat' dir='ltr'>ultimae</span> <span class='ocrx_word' id='word_1_220' title='bbox 824 1952 937 2000; x_wconf 81' lang='lat' dir='ltr'>Ecclesiae</span> 
     </span>
     <span class='ocr_line' id='line_1_29' title="bbox 124 2011 939 2079; baseline -0.002 -14"><span class='ocrx_word' id='word_1_221' title='bbox 124 2011 278 2065; x_wconf 87' lang='lat' dir='ltr'>liberationem</span> <span class='ocrx_word' id='word_1_222' title='bbox 294 2029 322 2063; x_wconf 90' lang='lat' dir='ltr'>ex</span> <span class='ocrx_word' id='word_1_223' title='bbox 337 2014 463 2079; x_wconf 81' lang='lat' dir='ltr'>gravissima</span> <span class='ocrx_word' id='word_1_224' title='bbox 477 2014 648 2072; x_wconf 83' lang='lat' dir='ltr'>Persecutione3</span> <span class='ocrx_word' id='word_1_225' title='bbox 664 2030 718 2063; x_wconf 90' lang='lat' dir='ltr'>cum</span> <span class='ocrx_word' id='word_1_226' title='bbox 734 2016 845 2078; x_wconf 82' lang='lat' dir='ltr'>Regnum</span> <span class='ocrx_word' id='word_1_227' title='bbox 860 2017 939 2064; x_wconf 87' lang='lat' dir='ltr'>Eccle-</span> 
     </span>
     <span class='ocr_line' id='line_1_30' title="bbox 128 2077 940 2145; baseline 0.004 -19"><span class='ocrx_word' id='word_1_228' title='bbox 128 2078 171 2126; x_wconf 86' lang='lat' dir='ltr'>siae</span> <span class='ocrx_word' id='word_1_229' title='bbox 185 2078 221 2127; x_wconf 90' lang='lat' dir='ltr'>vel</span> <span class='ocrx_word' id='word_1_230' title='bbox 238 2077 317 2128; x_wconf 87' lang='lat' dir='ltr'>Christi</span> <span class='ocrx_word' id='word_1_231' title='bbox 332 2078 449 2142; x_wconf 86' lang='lat' dir='ltr'>gloriosius</span> <span class='ocrx_word' id='word_1_232' title='bbox 464 2079 586 2142; x_wconf 85' lang='lat' dir='ltr'>apparebit.</span> <span class='ocrx_word' id='word_1_233' title='bbox 621 2079 688 2127; x_wconf 91' lang='lat' dir='ltr'>Haec</span> <span class='ocrx_word' id='word_1_234' title='bbox 705 2078 807 2143; x_wconf 89' lang='lat' dir='ltr'>Capitaa</span> <span class='ocrx_word' id='word_1_235' title='bbox 822 2080 940 2145; x_wconf 83' lang='lat' dir='ltr'>Prophetis</span> 
     </span>
     <span class='ocr_line' id='line_1_31' title="bbox 127 2140 850 2205; baseline -0.001 -14"><span class='ocrx_word' id='word_1_236' title='bbox 127 2140 273 2201; x_wconf 86' lang='lat' dir='ltr'>considerari,</span> <span class='ocrx_word' id='word_1_237' title='bbox 290 2154 313 2190; x_wconf 88' lang='lat' dir='ltr'>et</span> <span class='ocrx_word' id='word_1_238' title='bbox 328 2142 387 2191; x_wconf 88' lang='lat' dir='ltr'>inter</span> <span class='ocrx_word' id='word_1_239' title='bbox 402 2142 425 2190; x_wconf 88' lang='lat' dir='ltr'>se</span> <span class='ocrx_word' id='word_1_240' title='bbox 440 2142 553 2199; x_wconf 88' lang='lat' dir='ltr'>conserti,</span> <span class='ocrx_word' id='word_1_241' title='bbox 573 2141 699 2192; x_wconf 88' lang='lat' dir='ltr'>videbimus</span> <span class='ocrx_word' id='word_1_242' title='bbox 714 2158 755 2205; x_wconf 90' lang='lat' dir='ltr'>per</span> <span class='ocrx_word' id='word_1_243' title='bbox 771 2155 850 2204; x_wconf 88' lang='lat' dir='ltr'>partes.</span> 
     </span>
    </p>

    <p class='ocr_par' dir='ltr' id='par_1_7' title="bbox 88 2205 943 2527">
     <span class='ocr_line' id='line_1_32' title="bbox 161 2205 943 2271; baseline 0.004 -19"><span class='ocrx_word' id='word_1_244' title='bbox 161 2206 182 2271; x_wconf 75' lang='lat'>§-</span> <span class='ocrx_word' id='word_1_245' title='bbox 199 2206 248 2254; x_wconf 79' lang='lat' dir='ltr'>Lx.</span> <span class='ocrx_word' id='word_1_246' title='bbox 357 2209 454 2256; x_wconf 76' lang='lat' dir='ltr'>Prittrtnn</span> <span class='ocrx_word' id='word_1_247' title='bbox 475 2206 644 2255; x_wconf 85' lang='lat' dir='ltr'>fundamentum</span> <span class='ocrx_word' id='word_1_248' title='bbox 660 2205 740 2265; x_wconf 85' lang='lat' dir='ltr'>liabet3</span> <span class='ocrx_word' id='word_1_249' title='bbox 762 2206 884 2258; x_wconf 86' lang='lat' dir='ltr'>Ecclesiam</span> <span class='ocrx_word' id='word_1_250' title='bbox 901 2207 943 2270; x_wconf 66' lang='lat' dir='ltr'>Jtio&#39;</span> 
     </span>
     <span class='ocr_line' id='line_1_33' title="bbox 128 2268 940 2334; baseline 0.001 -16"><span class='ocrx_word' id='word_1_251' title='bbox 128 2270 212 2319; x_wconf 88' lang='lat' dir='ltr'>daicain</span> <span class='ocrx_word' id='word_1_252' title='bbox 227 2268 333 2318; x_wconf 70' lang='lat' dir='ltr'>affliclam</span> <span class='ocrx_word' id='word_1_253' title='bbox 348 2287 377 2319; x_wconf 87' lang='lat' dir='ltr'>ex</span> <span class='ocrx_word' id='word_1_254' title='bbox 388 2272 491 2334; x_wconf 80' lang='lat' dir='ltr'>AEgypto</span> <span class='ocrx_word' id='word_1_255' title='bbox 505 2285 574 2321; x_wconf 84' lang='lat' dir='ltr'>mann</span> <span class='ocrx_word' id='word_1_256' title='bbox 589 2269 636 2318; x_wconf 92' lang='lat' dir='ltr'>Dei</span> <span class='ocrx_word' id='word_1_257' title='bbox 651 2282 739 2328; x_wconf 86' lang='lat' dir='ltr'>exerta,</span> <span class='ocrx_word' id='word_1_258' title='bbox 756 2282 778 2318; x_wconf 89' lang='lat' dir='ltr'>et</span> <span class='ocrx_word' id='word_1_259' title='bbox 794 2270 877 2319; x_wconf 88' lang='lat' dir='ltr'>merito</span> <span class='ocrx_word' id='word_1_260' title='bbox 892 2272 940 2320; x_wconf 90' lang='lat' dir='ltr'>san-</span> 
     </span>
     <span class='ocr_line' id='line_1_34' title="bbox 88 2332 943 2397; baseline 0.002 -16"><span class='ocrx_word' id='word_1_261' title='bbox 88 2337 95 2347; x_wconf 50' lang='lat'><em>*</em></span> <span class='ocrx_word' id='word_1_262' title='bbox 128 2334 199 2395; x_wconf 84' lang='lat' dir='ltr'>guinis</span> <span class='ocrx_word' id='word_1_263' title='bbox 218 2334 270 2397; x_wconf 81' lang='lat' dir='ltr'>agni</span> <span class='ocrx_word' id='word_1_264' title='bbox 289 2334 411 2394; x_wconf 85' lang='lat' dir='ltr'>Paschalis,</span> <span class='ocrx_word' id='word_1_265' title='bbox 428 2334 550 2383; x_wconf 88' lang='lat' dir='ltr'>secundum</span> <span class='ocrx_word' id='word_1_266' title='bbox 565 2332 669 2397; x_wconf 88' lang='lat' dir='ltr'>promissa</span> <span class='ocrx_word' id='word_1_267' title='bbox 690 2333 748 2392; x_wconf 91' lang='lat' dir='ltr'>Dei,</span> <span class='ocrx_word' id='word_1_268' title='bbox 771 2334 897 2394; x_wconf 88' lang='lat' dir='ltr'>liberatam,</span> <span class='ocrx_word' id='word_1_269' title='bbox 920 2349 943 2383; x_wconf 87' lang='lat' dir='ltr'>et</span> 
     </span>
     <span class='ocr_line' id='line_1_35' title="bbox 128 2395 943 2461; baseline 0.009 -21"><span class='ocrx_word' id='word_1_270' title='bbox 128 2397 150 2440; x_wconf 89' lang='lat' dir='ltr'>&#39;in</span> <span class='ocrx_word' id='word_1_271' title='bbox 162 2397 282 2446; x_wconf 89' lang='lat' dir='ltr'>Desertum</span> <span class='ocrx_word' id='word_1_272' title='bbox 296 2398 435 2457; x_wconf 69' lang='lat' dir='ltr'>deduslain,</span> <span class='ocrx_word' id='word_1_273' title='bbox 444 2399 610 2461; x_wconf 88' lang='lat' dir='ltr'>repraesentare</span> <span class='ocrx_word' id='word_1_274' title='bbox 625 2395 761 2460; x_wconf 88' lang='lat' dir='ltr'>spiritualem</span> <span class='ocrx_word' id='word_1_275' title='bbox 776 2399 889 2447; x_wconf 90' lang='lat' dir='ltr'>Ecclesiae</span> <span class='ocrx_word' id='word_1_276' title='bbox 903 2400 943 2446; x_wconf 84' lang='lat' dir='ltr'>Li·</span> 
     </span>
     <span class='ocr_line' id='line_1_36' title="bbox 129 2457 941 2527; baseline 0.005 -23"><span class='ocrx_word' id='word_1_277' title='bbox 129 2457 266 2509; x_wconf 78' lang='lat' dir='ltr'>beianonem</span> <span class='ocrx_word' id='word_1_278' title='bbox 283 2463 306 2513; x_wconf 85' lang='lat' dir='ltr'>ri</span> <span class='ocrx_word' id='word_1_279' title='bbox 322 2461 439 2527; x_wconf 80' lang='lat' dir='ltr'>Sanguinis</span> <span class='ocrx_word' id='word_1_280' title='bbox 455 2461 537 2510; x_wconf 82' lang='lat' dir='ltr'>Cliillli</span> <span class='ocrx_word' id='word_1_281' title='bbox 552 2462 606 2519; x_wconf 80' lang='lat' dir='ltr'>susi,</span> <span class='ocrx_word' id='word_1_282' title='bbox 632 2474 674 2523; x_wconf 88' lang='lat' dir='ltr'>per</span> <span class='ocrx_word' id='word_1_283' title='bbox 693 2472 811 2526; x_wconf 87' lang='lat' dir='ltr'>potentem</span> <span class='ocrx_word' id='word_1_284' title='bbox 830 2463 875 2512; x_wconf 89' lang='lat' dir='ltr'>Dei</span> <span class='ocrx_word' id='word_1_285' title='bbox 889 2477 941 2508; x_wconf 69' lang='lat' dir='ltr'>vma-</span> 
     </span>
    </p>
   </div>
   <div class='ocr_carea' id='block_1_3' title="bbox 510 2526 1023 2577">
    <p class='ocr_par' dir='ltr' id='par_1_8' title="bbox 510 2526 1023 2577">
     <span class='ocr_line' id='line_1_37' title="bbox 510 2526 1023 2577; baseline 0.006 -2"><span class='ocrx_word' id='word_1_286' title='bbox 510 2526 539 2576; x_wconf 87' lang='lat' dir='ltr'>M</span> <span class='ocrx_word' id='word_1_287' title='bbox 557 2537 570 2574; x_wconf 77' lang='lat' dir='ltr'>a</span> <span class='ocrx_word' id='word_1_288' title='bbox 887 2539 942 2577; x_wconf 78' lang='lat' dir='ltr'>nitra</span> <span class='ocrx_word' id='word_1_289' title='bbox 1019 2560 1023 2566; x_wconf 41' lang='grc' dir='ltr'><em>ι</em></span> 
     </span>
    </p>
   </div>
   <div class='ocr_carea' id='block_1_4' title="bbox 0 0 1098 2960">
    <p class='ocr_par' dir='ltr' id='par_1_9' title="bbox 0 0 1098 2960">
     <span class='ocr_line' id='line_1_38' title="bbox 0 0 1098 2960; baseline 0 0"><span class='ocrx_word' id='word_1_290' title='bbox 0 0 1098 2960; x_wconf 95' lang='lat' dir='ltr'> </span> 
     </span>
    </p>
   </div>
  </div>
 </body>
</html>
