2173 2960
154 138 190 197 53Ἰ
303 175 304 178 ,
369 133 468 188 Metlrorlr'
481 133 617 195 Propterea
632 131 688 180 Pars
704 132 738 183 H.

386 252 436 302 th
451 249 483 299 est
498 250 675 302 Reformationis
690 252 715 302 in
725 254 820 319 Papatu,
835 252 958 308 secundani

152 315 255 381 Sigillum
269 316 303 368 V.
660 365 667 378 ,
885 376 887 381 ,
936 363 938 369 .

168 425 170 430 .
385 380 447 429 Vlia
477 378 509 428 est
534 379 646 428 Ecclesiae
671 381 756 443 Papilio
781 380 901 431 destructio
932 398 957 433 et

153 445 266 509 perfectio
286 443 478 504 Reformationis,
500 443 743 509 ejusquePiopagatio
764 461 804 510 pet
818 458 893 495 totum
914 447 959 495 Or·

155 512 221 562 beni:
248 512 324 573 Sigillo
345 511 421 560 Sexto.
829 556 830 559 ,
860 554 861 557 ,

383 575 468 623 Vllnra
487 571 520 620 est
541 571 654 620 Gloriosus
675 572 787 622 Ecclesiae
806 576 892 635 Status,
913 590 959 638 quo

156 636 257 702 perfecta
270 634 375 699 gaudebit
395 638 453 685 Pace
467 636 494 683 ad
514 634 627 699 Judiciuni
646 635 749 684 ultimum
770 637 837 702 usque
863 653 904 703 per
923 640 958 687 Si-

155 704 242 750 lenriara
257 699 387 747 Semiliorae
400 699 424 747 in
442 699 509 747 Coelo
525 698 671 760 significatum
686 700 763 763 Sigillo
778 703 888 767 Septimo.

189 765 209 829 ᾗ,
225 763 327 811 XXVII.
381 762 497 814 Hactenus
517 761 592 809 omnia
610 762 703 825 limpido
723 765 852 815 fluxerunt:
880 779 967 815 verumv

155 827 185 876 ad
205 825 354 889 Epistularum
374 828 469 891 Apocal.
490 824 625 873 intellectum
641 826 793 889 perveniendi
813 829 850 878 via
871 829 962 877 uidetur

157 889 284 949 difficilior,
300 889 360 953 quod
376 890 477 954 Epistola
492 890 575 939 Vllnra
591 889 714 942 Ecclesiam¹
727 888 752 938 in
767 890 841 940 minus
856 891 961 940 laudabili

156 953 288 1004 conditione
304 953 465 1016 repraesentat:
483 964 505 1001 et
520 953 561 1001 alia
571 968 660 1016 quoque
669 953 750 1002 liabent
760 954 886 1017 Epistulae,
901 970 960 1017 quae

156 1018 246 1067 eosdem
261 1016 407 1066 Periodoruin
418 1016 561 1065 Cliaracleies
571 1016 682 1081 designare
692 1032 738 1066 non
748 1017 859 1069 videntur.
894 1017 962 1067 Novi

156 1082 260 1147 quidem,
276 1080 330 1145 quid
340 1080 411 1129 Docti
420 1080 448 1129 ad
460 1080 556 1145 primam
567 1080 719 1129 difficultatem
734 1080 892 1145 respondeant,
908 1082 960 1146 Spi-

135 1160 137 1164 ·
156 1146 226 1194 rituni
242 1144 286 1194 scil.
304 1146 327 1193 S.
344 1144 461 1210 aliquando
476 1143 631 1199 antecedentia
646 1160 698 1202 cuni
720 1146 915 1211 consequentibus,
937 1157 962 1194 et

156 1209 209 1260 uice
229 1208 304 1267 veisa,
327 1207 485 1259 connestere„
506 1207 570 1257 Hine
590 1206 677 1272 Judicia
697 1207 774 1258 diuina
794 1212 817 1259 in
833 1210 917 1262 Hostes
930 1209 961 1258 ‘ad

157 1275 266 1323 Vslrnaru
273 1271 392 1321 Periodani
402 1272 516 1331 referunt,
532 1283 557 1319 ut
566 1270 791 1332 ingTublcinlovfli
808 1287 830 1322 et
839 1273 961 1339 gloriosiun

157 1337 269 1386 Ecclesiae
274 1336 354 1384 statuni
361 1336 386 1385 ad
393 1337 430 1385 VI
440 1335 571 1395 Perioduni,
582 1347 607 1384 ut
616 1334 639 1383 in
650 1335 787 1399 sigiloVI,
798 1336 929 1402 itaquoque
938 1337 963 1386 in

159 1400 258 1465 Epistola
273 1401 356 1450 Vllma
367 1399 488 1448 Ecclesiam
504 1398 607 1463 depingi,
623 1399 692 1462 qualis
707 1399 766 1448 foret
781 1415 831 1450 ante
841 1401 915 1450 felicia
925 1399 962 1449 illa

158 1479 262 1528 tempora
280 1464 364 1513 ultima.
401 1465 491 1514 Verum
510 1463 562 1510 licet
582 1463 689 1526 gloriosus
709 1464 819 1512 Ecclesiae
839 1466 906 1514 status
920 1479 962 1527 per

159 1526 345 1592 anticipationem
361 1526 426 1591 possit
441 1526 538 1582 enarrari
552 1525 592 1573 sub
607 1526 685 1589 Sigillo
700 1527 754 1585 Vl,
775 1528 858 1592 quippe
874 1528 963 1591 quando

158 1592 283 1655 inciperet,
304 1603 379 1638 tamen
399 1590 465 1637 status
484 1589 596 1637 Ecclesiae
615 1588 703 1639 Periodi
718 1591 754 1638 Vl
771 1591 809 1639 vix
824 1593 869 1640 sine
884 1588 964 1653 insigni

157 1656 291 1706 confusione
306 1653 398 1718 depingi
409 1653 535 1716 poteritiii
547 1653 595 1700 Vll
604 1652 700 1701 Periodo
710 1653 822 1702 Ecclesiae
837 1653 963 1704 describen‘-
1032 1703 1034 1706 ,

156 1720 196 1769 da:
214 1719 259 1766 hoc
275 1717 367 1764 enimsi
383 1716 496 1773 adinitras,
513 1713 657 1761 Periodoruin
674 1715 788 1762 distinctio
803 1717 904 1763 manilius
919 1717 962 1764 ela·
989 1743 993 1747 ·

87 1776 91 1780 ’
156 1787 221 1835 batur
237 1793 260 1829 et
275 1792 364 1844 pereat,
380 1776 469 1826 necesse
483 1775 536 1834 est,
547 1788 569 1824 et
579 1775 687 1839 gloriosae
694 1776 834 1827 condicionis
849 1778 964 1828 Ecclesiae

157 1845 243 1897 mentio
254 1841 402 1909 praetermitti
417 1839 510 1904 omnino
521 1854 566 1891 non
576 1839 660 1903 posset,
676 1840 692 1888 fi
703 1839 803 1903 Epistola
812 1844 861 1892 Vll
874 1843 901 1890 ad
912 1856 962 1890 eain
1006 1848 1008 1850 ’

157 1910 275 1975 pertineat.
309 1906 418 1964 Accedit,
440 1902 550 1968 Epistolas
569 1902 700 1953 interiorem
720 1903 833 1953 Ecclesiae
850 1904 961 1953 conditio-

159 1989 214 2023 nein
230 1972 362 2033 depingere,
381 1985 424 2017 nou
441 1969 524 2031 aliquos
536 1966 613 2027 Casus,
629 1984 695 2032 quare
706 1968 814 2017 confundi
824 1983 869 2016 non
881 1969 963 2016 debent

158 2032 250 2086 Periodi
265 2032 414 2095 Epillolaiuiii
429 2044 452 2096 et
466 2031 607 2092 Sigilloruin3
640 2031 738 2094 Epistola
754 2032 781 2080 ad
790 2032 910 2095 gloriosam
919 2032 963 2079 Ec·

159 2099 250 2148 clesiain
270 2095 365 2153 direcla,
387 2093 476 2156 ejusque
497 2095 583 2140 Statum
599 2093 745 2154 descriptura,
761 2098 822 2158 cujus
833 2093 964 2143 nullasaela

159 2162 259 2218 mentio,
280 2160 304 2208 in
320 2156 456 2219 siperiorein
466 2155 585 2204 Perioduin
595 2156 707 2204 Ecclesiae
722 2168 772 2205 tota
784 2160 913 2223 rejiceretur
923 2158 961 2205 se·

160 2229 260 2277 cundum
272 2223 327 2272 lianc
338 2219 495 2286 Hypotliclin,
512 2218 571 2284 quod
583 2218 608 2265 ab
620 2218 681 2266 oinni
692 2235 746 2267 vero
758 2222 866 2271 abhorret.
902 2220 964 2286 Quid

161 2293 234 2355 ergo?
251 2289 289 2336 suo
305 2284 518 2348 loco‘rclinquanius
535 2282 675 2353 Hypotliesin
691 2282 719 2331 de
730 2285 777 2334 Vll
788 2285 886 2334 Periodis
898 2285 962 2348 Sigil-

159 2358 246 2414 lorurn,
262 2366 355 2416 ,quarum
370 2349 460 2412 ultiiiius
476 2347 508 2395 cll
519 2345 629 2410 gloriosus
644 2346 755 2413 Ecclesiae
770 2350 854 2410 Status,
876 2362 898 2396 et
913 2352 961 2398 Sta·

159 2435 260 2480 tuaniua,
276 2414 425 2480 Epistularum
441 2411 552 2464 diuersum
568 2409 612 2460 elle
626 2410 730 2475 scopum,
747 2413 843 2480 adeoque
854 2414 907 2521 VHl
917 2414 961 2522 spc-

172 2513 174 2516 ,
205 2516 207 2519 ,
294 2489 296 2493 ’
561 2492 563 2497 ’
797 2509 803 2514 ».
887 2487 964 2523 cerae
