2173 2960
87 255 89 258 ι
163 205 207 249 i=r4
370 185 467 233 allilia·
491 182 627 246 Prophetiam?
647 185 703 232 Pars
720 185 754 232 Η.

156 308 229 356 cirrum
244 305 307 353 reste
322 303 422 368 quadrat:
439 316 491 348 curn
507 313 530 348 et
543 313 594 349 ante
609 302 731 352 Decianahr
742 314 765 350 et
779 312 829 349 ante
843 301 964 352 Diocletia-

160 388 225 420 neam
236 368 418 419 Persecutionem
428 364 483 414 uitia
494 365 528 413 illa
539 365 561 413 in
573 367 671 414 Ecclesia
682 367 723 414 sint
735 377 809 414 notata
819 382 831 412 a
843 365 963 427 Cypriano,

161 435 262 499 Origene
284 447 306 481 ei
327 431 428 479 Eusebia.
468 429 524 478 Vid.
549 432 617 494 Cypi.
642 430 714 495 Epist.
736 432 791 479 Vll.
813 429 839 476 ad
861 431 962 478 Cleruin:
981 452 994 462 ‚„

161 500 267 550 LXVIII
278 499 303 545 ad
316 493 475 558 Hispanenses3
493 492 549 542 etin
560 495 629 543 Libro
640 496 667 542 de
676 496 758 542 unitate
769 492 890 552 Ecclesiae,
903 505 924 539 et
935 493 964 539 de

163 563 249 629 Lapsis.
283 560 375 623 Origeri
398 558 425 605 ad
441 557 525 606 Marah.
541 559 571 609 ,Ρ,
588 573 643 617 420.
664 558 743 607 Euseb.
767 558 825 606 Hill.
847 558 873 606 L.
896 557 963 606 VIII.

166 631 192 678 C,
207 645 227 676 1.
262 623 435 673 Commodianus
445 636 533 684 quoque
544 620 599 668 uitia
609 622 641 669 sui
652 622 723 669 Seculi
739 622 820 670 acriter
829 619 965 685 perstrinxit.

164 692 303 741 Adhortatur
315 684 428 733 Dominus
438 684 558 732 Ecclesiam
568 685 594 732 ad
605 683 780 748 poenitentiam,
797 698 819 734 et
829 686 923 733 minatur
933 680 968 745 ei‘,

166 755 190 804 ni
210 752 290 813 faciat,
311 747 408 812 gladium
428 746 497 795 'suum
522 747 647 811 bicipitem,
679 747 717 796 seu
736 750 822 812 Juclicia
847 749 885 796 sua
910 749 969 797 inlli-

162 819 241 882 genda.
276 810 413 874 Emendavit
429 810 452 859 se
467 809 564 859 Ecclesra
580 812 662 860 abillo
679 811 734 859 vitio
750 829 790 875 per
808 814 899 874 longam
914 814 966 859 Per-

161 882 298 931 secutionem
320 874 444 936 calligata,
470 875 507 922 sed
529 874 590 923 breui
611 875 634 924 in
654 874 781 938 graviorem
801 874 968 938 corruptionem

161 942 274 1010 prolapsa,
291 953 359 1005 qnare
369 938 474 1001 sequente
485 937 584 1001 Epistola
595 940 673 988 eadem
682 939 824 1002 reprehensio
834 951 857 986 et
867 938 968 986 adhorta·

163 1011 195 1059 tio
207 1006 329 1071 repetitur:
346 1015 371 1050 ut
382 1000 434 1066 post
446 1001 577 1052 videbimus.
668 1028 671 1037 ·
998 1014 999 1017 ’

196 1073 217 1137 §.
234 1068 354 1119 LXXXII
394 1065 543 1129 Adcingamus
556 1082 672 1117 nonnune
688 1067 715 1115 ad
733 1066 786 1129 Cap.
802 1067 855 1115 XII.
873 1067 968 1130 Apo'cal.

163 1135 335 1201 explicandum,
352 1141 375 1202 et
390 1130 524 1193 hypothesin
540 1132 586 1195 ejus
603 1133 657 1194 Cap.
673 1131 735 1180 recte
750 1129 885 1194 intelligendi
900 1130 969 1180 trada-

163 1217 225 1250 mus:
243 1195 340 1247 occurrit
354 1194 391 1241 hic

395 1257 424 1305 A.
436 1257 522 1306 Mulier
541 1257 617 1322 nimbo
637 1259 692 1307 lucis
713 1258 807 1318 amicla,
828 1261 916 1307 Lunani
930 1259 973 1308 sub‘

164 1327 259 1392 pedibus
274 1324 368 1381 habens,
385 1337 411 1385 ac
425 1322 470 1369 XII
485 1323 601 1371 Stellarum
618 1339 700 1371 corona
716 1335 804 1371 ornata:
821 1339 876 1387 quae
888 1322 972 1371 Mulier

164 1404 240 1455 partus
256 1387 353 1437 tormina
368 1385 429 1444 tulit,
446 1397 468 1433 et
484 1401 555 1449 prope
571 1403 583 1433 a
599 1400 664 1449 partu
679 1388 760 1435 aberat.
794 1387 892 1450 Expingi
908 1386 971 1435 tride-

164 1469 200 1503 tur
216 1451 312 1501 Ecclesia
328 1448 443 1512 primaeva
462 1448 512 1512 post
532 1448 705 1498 destruelionein
726 1450 880 1498 Oecononriae
899 1452 971 1513 Lega-

163 1520 203 1579 lis,
225 1534 269 1581 quo
291 1514 398 1578 perimet,
420 1513 478 1576 quod
499 1515 565 1561 Luna
585 1513 625 1561 sub
645 1515 691 1576 ejus
712 1513 806 1562 Pedibus
826 1513 899 1573 foret,
920 1513 971 1576 quia

164 1581 263 1631 Ecclesia
275 1580 327 1627 Sole
344 1575 443 1641 Justitiae
458 1587 562 1639 tanquam
578 1577 654 1624 nimbo
665 1577 731 1624 Lucis
746 1576 840 1639 gloriose
853 1576 969 1634 illustrata,
1002 1584 1003 1587 ’

163 1659 186 1694 et
196 1643 361 1707 Apostolorum
372 1639 467 1703 totidem
479 1640 595 1687 Stellarum
605 1641 726 1704 praesentia
737 1639 845 1703 gaudebat
862 1642 897 1689 vel
908 1639 972 1703 gavi-

162 1710 184 1758 sa
200 1720 260 1759 crat,
276 1705 312 1753 sed
330 1703 403 1751 adhuc
417 1701 600 1763 Apostolicorum
612 1704 720 1758 Virorum
736 1707 819 1750 corona
835 1704 971 1765 ungebatur.

163 1774 229 1840 Quae
244 1767 341 1819 Ecclesia
357 1766 414 1813 Inter
429 1765 514 1812 labores
530 1778 553 1813 et
567 1766 664 1828 pericula
680 1768 801 1815 conabatur
817 1765 928 1814 Chrilltun
946 1777 971 1819 ut

162 1840 253 1900 Regem
270 1829 381 1882 Gentium
397 1843 489 1891 parere,
507 1828 622 1876 Mundum
637 1829 678 1894 ipsi
692 1828 835 1892 subjicIendo⁴

367 1912 370 1916 ·
395 1895 420 1941 Β.
439 1892 552 1956 Opposuit
572 1892 594 1940 se
615 1893 636 1941 ei
651 1895 728 1943 Draco
744 1892 853 1956 septiceps
874 1905 897 1940 et
913 1894 972 1942 deci-

165 1963 253 2020 comis,
268 1957 368 2009 Romani
388 1957 417 2005 sc.
440 1956 534 2020 Imperii
549 1956 645 2005 surnmus
665 1957 765 2024 Praeses,
787 1957 851 2019 cujus
871 1956 973 2021 respectu

154 2073 155 2076 ,
167 2028 217 2075 VII
228 2025 321 2071 habebat
332 2019 415 2080 capita,
431 2018 468 2066 seu
489 2032 525 2067 tot
536 2023 695 2084 Imperatores,
712 2020 749 2085 qui
759 2020 883 2069 Ecclesiam
899 2021 973 2084 perse-⁴

166 2098 301 2155 querentur3
322 2082 381 2133 etX
402 2095 497 2138 cornua,
523 2084 560 2130 seu
579 2084 674 2132 totidem
694 2084 836 2143 Provincias,
857 2084 974 2149 inquibus

165 2157 233 2203 robur
249 2145 340 2212 Imperii
355 2145 424 2191 Rom.
441 2142 507 2191 situm
528 2157 585 2192 erar:
607 2146 635 2191 de
655 2148 733 2208 quibus
755 2147 856 2195 omnibus
875 2149 920 2197 vid.
939 2151 971 2195 Cl.

168 2216 289 2279 Vittinga:
308 2208 405 2257 nostram
419 2206 541 2272 praecipue
557 2219 655 2255 meretur
671 2207 896 2268 animadversionem,
918 2210 978 2271 quod

166 2284 244 2331 Draco
262 2274 330 2327 catilla
345 2271 382 2321 sua
399 2271 479 2320 dicitur
495 2270 584 2321 traxill'e
601 2271 688 2321 tertiam
698 2284 783 2335 partem
795 2275 908 2320 Stellarum
919 2275 975 2320 Coe-

165 2348 194 2405 li,
212 2342 303 2408 quasin
320 2339 416 2386 Terram
431 2333 570 2399 projiciebat.
606 2334 659 2402 Quo
674 2347 731 2398 puto
747 2351 774 2384 ex
791 2335 850 2398 ingi,
873 2337 973 2384 Salariam

164 2424 214 2459 tum
227 2402 339 2469 temporis
354 2417 366 2449 a
381 2400 505 2462 Republica
521 2412 544 2447 et
559 2398 657 2448 Ecclesia
673 2398 764 2464 Judaica
774 2353 882 2447 iestrucla
898 2400 974 2462 proici·

165 2489 229 2525 rnurn
250 2468 327 2531 false,
349 2477 371 2514 et
390 2463 566 2517 destructionem
581 2463 637 2516 illius
655 2463 758 2530 proxime
779 2462 859 2515 sabbam
879 2462 977 2577 pppprese
