2173 2960
217 186 252 236 De
263 183 373 242 Pericula,
386 179 487 244 Ertstfiit
499 179 665 248 Protestuotiuut
675 199 688 231 u
698 184 798 246 Popiuuo
810 179 857 236 &a
893 193 937 242 303

132 359 180 391 ram
197 341 219 389 in
236 336 365 393 Christum,
386 333 458 398 quoad
479 335 597 384 essentiaIia
612 335 672 398 ejus,
688 352 739 383 curn
755 348 838 400 pretate
852 352 879 384 ac
894 334 939 384 vit·

131 420 181 454 tute
196 401 351 465 conjunstam,
367 409 470 456 teneant,
488 400 595 462 profundo
614 401 711 447 Sarouon
733 403 867 463 ignorantes,
888 401 936 461 Ap„

86 462 91 469 ’
134 472 164 517 H:
183 484 219 527 aa.
255 462 388 512 Christianos
404 460 447 507 esse
462 461 537 522 posse,
554 464 617 525 hujus
633 478 688 509 vero
705 465 799 511 Satanae
814 462 938 525 mancipia3

133 535 179 580 illos
196 530 277 592 probos
292 525 354 590 poss'e
367 524 429 571 cives
443 525 499 582 esse,
516 524 553 572 sed
569 527 604 572 tos
619 525 674 587 reip.
691 542 716 572 ac
731 526 842 574 Ecclesiae
857 525 936 589 pestes.

135 612 157 657 3.
174 593 291 641 incuicent
310 589 364 644 suis,
380 584 518 634 adnitentes
538 586 593 635 fidei
608 598 630 632 et
649 589 735 650 pietatis
755 590 818 637 causa
838 606 883 636 non
905 605 938 636 es-

134 659 156 706 se
172 656 232 704 viam
246 652 369 709 infestam,
385 649 460 713 potius
476 650 621 709 ordinariam,
637 653 664 698 ad
674 651 738 715 regni
754 651 835 699 Christi
848 652 939 699 conser-

132 720 259 775 uationem,
280 731 306 763 ac
326 713 522 778 propagationem,
544 714 645 762 omnium
664 714 713 762 fere
733 727 861 781 temporum
883 715 940 763 teste

132 781 283 846 experientia,
299 779 395 837 utilem,-
410 789 433 824 et
449 778 633 835 adcommodato,
654 787 697 825 nec
717 778 772 826 adeo
792 794 892 840 asperam
913 794 940 827 ac

133 849 219 895 calcatu
235 843 360 900 difficilem,
377 857 429 889 cum
446 841 527 888 Christi
542 855 564 889 et
580 841 673 905 Spiritus
688 843 710 890 S.
727 841 876 905 potentissima
890 859 938 891 ma·

133 927 164 958 nu
179 908 341 965 sustententur,
358 906 395 968 qui
410 919 459 952 cam
473 904 593 963 incedunt,
609 917 632 951 et
647 905 739 967 gloriose
750 905 824 955 omnia
833 906 938 969 superent

131 973 255 1029 obstacuia‚
271 986 297 1018 ac
311 970 400 1016 tandem
415 981 556 1016 coronentur.
581 968 720 1027 .4.,Animis
735 984 825 1033 quoque
839 971 884 1017 non
901 970 939 1016 de·

132 1037 204 1084 sinant
217 1033 352 1096 inprimere,
369 1034 427 1080 hanc
437 1031 551 1089 ultimam,
567 1032 628 1078 simui
641 1032 759 1081 brevissimi
770 1032 891 1095 temporie,
903 1033 939 1081 fo·

101 1124 102 1127 ¹
131 1115 158 1147 re
178 1096 368 1160 persecutionem,
394 1094 418 1139 in
444 1093 659 1141 Antichristianisrni
682 1097 775 1143 totalem
796 1095 936 1158 exstirpatio-

133 1176 200 1218 nem,
217 1173 242 1206 ac
253 1159 315 1220 regni
327 1155 408 1204 Christi
417 1153 441 1202 in
452 1156 519 1218 pleno
530 1156 571 1203 suo
582 1154 660 1219 vigore
670 1158 816 1218 eredionern,
829 1159 940 1208 exituram

133 1224 184 1271 effe.
219 1235 240 1281 5.
252 1222 384 1283 Praeparent
400 1218 495 1281 denique
510 1234 548 1266 eos
563 1219 589 1266 ad
606 1218 784 1281 persecutionem
795 1222 893 1270 animose
903 1222 938 1270 sua

132 1284 268 1349 scipiendana
279 1296 301 1331 et
312 1283 379 1347 digne
390 1282 520 1340 serendam,
535 1281 661 1345 Christique
670 1282 724 1330 iliud
736 1300 830 1347 regnum
846 1301 887 1348 pro
903 1286 939 1335 vi·

132 1350 168 1398 rili
183 1348 313 1412 erigendum
328 1360 351 1394 et
372 1346 540 1403 honorandum,
557 1346 673 1404 docendo,
690 1346 876 1407 reinducenda,
894 1365 940 1397 tutu

132 1412 321 1462 sundamentaiem
336 1411 397 1458 iilum
412 1409 465 1456 fidei
480 1410 609 1468 orticariam,
627 1409 701 1471 Jesum
716 1409 842 1468 Christum,
859 1411 942 1461 uitium

135 1476 193 1535 Det,
214 1473 359 1534 crucifixum,
383 1486 407 1521 et
426 1471 518 1520 unicum
539 1474 689 1531 seruatorem,
711 1484 755 1521 tum
775 1472 859 1536 regiam
880 1475 941 1524 issam

132 1540 251 1588 ,tituristttt't
267 1538 352 1600 legem,
369 1552 425 1601 quae
438 1536 516 1583 onmia
530 1536 628 1584 inuoluit
647 1537 734 1598 pietatis
750 1552 776 1585 ac
797 1537 884 1585 virtutis
905 1539 939 1588 of·

135 1603 199 1660 ficia,
211 1616 250 1665 per
266 1616 331 1662 quam
343 1603 398 1649 fides
409 1615 462 1648 vera
478 1600 563 1663 utittoso
574 1599 618 1657 est,
636 1611 659 1645 et
679 1600 725 1647 fine
742 1615 784 1663 qua
805 1613 892 1648 mortua
913 1616 940 1649 ac

132 1664 231 1723 inutilis,
246 1675 293 1711 tutu
308 1663 332 1710 in
348 1663 421 1727 specie
437 1663 545 1726 coelestem
565 1665 625 1710 illurn
639 1662 789 1725 sufflatorium,
810 1679 862 1725 ptrue
879 1666 941 1729 tosto

136 1729 181 1787 est,
197 1728 235 1775 seu
246 1742 300 1789 pura
315 1739 337 1774 et
354 1728 440 1784 saniir,
453 1727 565 1788 purifico,
584 1726 716 1789 obsequiosa,
729 1744 808 1789 ueqttu,
823 1729 888 1788 platta
899 1734 940 1774 uri·

127 1792 262 1856 sutton-utut
283 1801 303 1837 tt
322 1794 421 1839 immuunt
441 1803 536 1851 operatur,
561 1807 600 1837 troo
627 1790 745 1852 disturtous
769 1790 818 1852 (ssu
838 1790 941 1838 immines

135 1855 255 1902 secundum
265 1853 360 1901 studium
372 1853 480 1915 partium,
496 1865 534 1900 aut
542 1853 636 1900 carnalia
651 1852 758 1915 principia
769 1852 809 1899 asia
820 1853 942 1916 dijudicans

136 1929 159 1965 et
175 1914 322 1978 distinguent)
337 1919 453 1980 infirmato,
469 1916 552 1963 sincera
563 1929 585 1962 et
595 1919 688 1976 integra.
707 1918 753 1977 Jac.
765 1918 807 1963 Hi:
822 1930 857 1976 17.
876 1918 945 1981 Reg-

133 1997 190 2029 num
205 1981 280 2042 utique
298 1979 380 2030 Christi
392 1979 427 2028 e'st
438 1978 542 2041 justitio,
556 1992 603 2040 pun
618 1991 640 2026 et
652 1983 758 2040 goudium
774 1994 815 2041 prr
830 1980 950 2042 Spiiitum

138 2046 160 2093 S.
177 2045 245 2091 Rom.
263 2042 329 2091 XIV.

170 2108 190 2170 §t
208 2108 279 2154 XLII.
367 2106 438 2171 Quod
453 2104 563 2168 superest,
578 2106 648 2152 suet-us
664 2106 690 2153 ad
704 2106 867 2154 soiernnitatem
880 2107 945 2170 ituJ'us

139 2172 179 2220 diei
195 2170 337 2234 progredior,
356 2183 377 2217 et
393 2187 420 2216 eo
437 2170 544 2227 alacrior,
554 2169 616 2231 ¹quod
633 2168 702 2216 ,fasces
724 2185 752 2216 ne
764 2170 841 2216 seviter
852 2170 942 2232 quidem

137 2251 216 2283 ananus
236 2233 377 2292 strinxerint,
390 2234 452 2296 -quod
468 2235 490 2280 in
505 2232 592 2279 totidem
609 2232 718 2288 uestrum
736 2232 815 2296 optimi
831 2234 941 2295 Juuenes'!

139 2299 224 2346 dietum
235 2297 340 2359 accipire3
353 2296 436 2360 quippe
444 2312 541 2360 quornm
553 2295 691 2356 diligentiae,
703 2309 725 2343 et
737 2296 864 2358 compositis
875 2297 945 2345 niori*

138 2364 180 2408 ‘bris
195 2363 239 2408 hoc
255 2360 338 2416 otium,
356 2377 399 2422 qno
415 2360 460 2406 frui
476 2360 548 2418 licuit,
565 2372 682 2421 acceptum
698 2359 758 2407 fero:
777 2360 797 2407 in
807 2376 854 2422 quo
872 2362 944 2424 elogio

141 2423 194 2468 mihi
207 2425 253 2484 jam
269 2433 301 2467 ter
317 2422 427 2479 desinere,
445 2439 485 2485 per
503 2425 547 2470 Dei
562 2424 666 2486 gratiam,
683 2423 757 2471 datum
780 2423 824 2471 est:
849 2423 907 2486 agite
922 2425 946 2475 in

141 2483 267 2542 posterum,
279 2483 295 2529 fi
306 2487 369 2533 uobis
380 2498 401 2533 et
411 2487 547 2533 Academiae
558 2501 611 2534 uere
622 2485 746 2534 corisuirum
759 2486 851 2548 capitia,
863 2500 887 2533 ut
899 2486 946 2535 sucu

142 2543 211 2591 eess'm
221 2560 285 2593 meus
300 2546 323 2596 in
338 2550 377 2599 has
387 2549 473 2599 easdem
490 2550 563 2596 laudes
584 2548 666 2596 uestras
682 2549 728 2599 sese
743 2551 860 2599 estundere
870 2564 947 2614 qrrean
