2173 2960
409 170 651 225 D·auarto.Gnmom.
894 184 926 236 43

126 293 259 343 moderatius
275 292 382 357 agitetur,
405 303 428 338 et
448 304 556 355 magnum
577 290 656 340 habeat
672 289 695 338 in
710 289 784 340 Verbi
798 290 927 355 Prophetici

127 358 333 423 interpretationem
353 353 480 414 infirmum,
506 354 541 402 ilia
562 369 614 402 curn
635 354 706 418 aliqua
728 355 869 402 accuratione
888 355 926 403 hic

127 424 253 471 ventilanda
269 421 314 479 eii3
337 430 360 465 et
380 416 536 481 inquirendum
556 417 579 464 in
599 417 741 467 fundamenta
761 419 825 482 hujus
845 420 925 481 Hypo·

127 487 224 543 theseos,
241 498 266 532 ut
281 495 368 548 pateat,
386 482 439 544 quid
455 479 511 527 certi
527 493 549 527 et
563 479 642 529 incerti
657 482 742 531 habeat.

161 551 181 614 ᾗ,
199 550 254 597 VX.
353 547 454 594 Obierro
470 544 555 608 itaque,
573 558 714 609 argumenta,
737 560 792 609 qnae
807 561 818 592 a
834 561 927 594 numero

128 612 253 674 septenario
265 612 288 658 in
306 611 327 658 S.
346 612 368 658 S.
387 610 465 657 uitato
480 622 600 672 petuntur,
618 609 712 660 validam
728 626 773 658 nou
793 609 874 659 habere
889 610 928 656 de·

126 675 324 733 tnotrstrationern,
341 690 407 721 unmn
423 674 439 722 sr
454 672 551 736 excipias
565 672 853 737 Apocalypssn:raati0nes
864 673 927 722 stunt:

354 740 373 786 Ι.
390 737 488 785 Numeri
498 737 617 800 septenarii
626 737 763 802 promiscuus
773 737 804 784 est
814 738 837 785 in
850 741 881 787 V.
895 738 926 786 T.

127 802 188 863 usus,
206 803 253 851 srn'e
263 803 307 849 ullo
323 802 386 864 hujus
400 800 500 865 mysterii
515 801 632 863 respeciu5
654 801 699 851 five
714 801 746 850 rei
765 802 929 865 perfeeiionem

126 880 212 916 tarrtum
227 868 331 925 denotet,
346 866 393 915 saue
408 879 526 913 rrrrrnerum
542 864 660 913 incertum.
694 867 831 928 Septenaria
848 881 926 914 nume-

127 948 164 979 rus
173 931 195 979 in
208 930 288 992 Script.
302 932 333 978 V.
344 929 391 989 est,
403 928 488 989 cuspus
504 932 583 984 πληθθς
593 937 707 989 papatuum
723 930 845 992 indefinitae
855 931 927 977 razdai-

129 998 210 1044 tudinis
216 995 363 1057 figmentis,
381 992 454 1055 inquit
466 991 617 1055 Chrysostom.
629 1009 660 1042 or.
668 995 733 1043 Vnt.
745 1006 822 1042 contra
833 993 929 1056 Judaeos

129 1075 192 1122 oper.
204 1071 220 1107 t.
228 1059 260 1107 V.
274 1058 308 1105 ed.
321 1071 400 1105 nouae.
419 1054 474 1105 Vid.
487 1068 510 1119 et
520 1055 638 1105 cassiodor.
655 1057 729 1105 Liber.
745 1056 788 1104 litt.
804 1056 827 1104 in
842 1057 928 1119 praefa·

126 1123 196 1172 tione.
230 1123 292 1168 Loca
302 1121 358 1168 hanc
368 1119 391 1167 in
406 1133 454 1166 rem
468 1119 518 1169 suut
528 1119 602 1172 clara:
621 1121 679 1170 Gen.
697 1121 745 1170 IV:
766 1121 929 1184 Cuiuscptupir'-

130 1189 184 1234 citer·
198 1187 356 1235 aisiamenta:
378 1182 475 1233 Levitic.
493 1183 600 1231 XXVII:
617 1185 681 1233 'Dens
692 1184 843 1247 septupliciter
858 1187 930 1246 piratica

46 1243 50 1252 ’
127 1251 238 1312 papirium:
268 1249 316 1311 iob.
337 1249 423 1309 11:13.
458 1243 787 1310 Vid.quoquet³r1Xr't:7.
820 1248 929 1295 LXXIX:

132 1328 169 1362 12.
191 1312 233 1377 Jes.
251 1301 294 1361 ru:
314 1328 333 1360 1.
351 1311 407 1359 Xu:
424 1326 447 1369 9.
474 1311 550 1358 XXX:
568 1315 605 1359 26.
626 1313 693 1361 aroer.
712 1312 757 1361 ut:
777 1326 814 1372 ῃ.
837 1312 927 1360 XXXX

131 1381 168 1425 16.
202 1376 291 1425 XXIV.
310 1389 347 1436 17.
381 1375 442 1422 Ecci.
459 1375 500 1422 XI:
519 1389 541 1422 a.
577 1373 675 1439 Quibus,
697 1387 720 1423 et
736 1374 929 1425 SimilibuseXlo-

127 1440 172 1498 cis,
188 1438 212 1486 ni
226 1438 301 1495 fallor,
317 1439 400 1485 clarum
415 1436 460 1496 est,
476 1438 604 1486 Numerum
618 1438 770 1503 septenarium
784 1439 880 1502 uulgaria
894 1438 930 1486 fu·

127 1502 168 1551 itte
182 1512 204 1548 et
235 1500 339 1549 romiscui
353 1501 403 1549 usus
416 1501 475 1565 apud
490 1502 597 1550 Veteres:
615 1503 676 1550 unde
691 1502 786 1565 colligo,
803 1503 867 1565 hujus
878 1503 930 1550 Nu-

128 1564 185 1614 meri
198 1519 261 1612 utiam
275 1580 316 1628 per
331 1564 353 1612 se
368 1580 409 1613 nos
423 1564 451 1613 ad
465 1564 507 1613 tale
521 1565 653 1628 mysterium
662 1582 708 1614 non
719 1567 813 1624 ducere3
829 1567 866 1614 sed
880 1567 930 1614 alias

128 1629 209 1677 debere
227 1629 333 1676 accedere
352 1627 461 1688 rationes,
486 1643 543 1692 quae
561 1629 623 1678 illurn
641 1644 760 1678 numerum
780 1629 806 1685 ad
826 1631 879 1677 Fata
893 1630 928 1679 N.

129 1693 161 1739 T.
178 1690 317 1755 restringant.
351 1691 375 1738 Si
386 1691 446 1739 eninr
455 1691 611 1753 perfeetionis,
623 1694 657 1740 vel
667 1693 775 1754 generalis
785 1705 806 1738 et
815 1691 929 1739 indefiniti

128 1754 226 1801 Numeri
240 1766 327 1799 tantum
340 1754 367 1797 fit
382 1752 490 1796 indicium
505 1753 528 1794 in
543 1753 598 1795 Iocis
611 1754 686 1798 multis
691 1787 698 1808 ,
715 1769 783 1814 quare
792 1768 837 1798 aron
847 1753 870 1802 in
881 1754 929 1803 aliis

126 1814 231 1879 quoque?
253 1811 277 1858 Si
291 1811 347 1858 solus
362 1825 415 1873 ergo
430 1810 546 1857 Numerus
565 1811 699 1874 septenarius
713 1813 794 1863 alicubi
809 1829 927 1879 occurrat,

127 1877 183 1927 nihil
198 1889 249 1921 eum
262 1871 390 1936 restringat,
407 1872 539 1936 mysterium
553 1888 598 1923 non
614 1873 707 1924 evincit.

161 1940 182 2004 §.
198 1938 266 1986 VIII.
352 1938 385 1994 IL
399 1935 496 2001 Mystici
508 1937 573 2001 hujus
582 1938 681 1987 Numeri
692 1938 829 2001 intelieitus³
845 1940 885 2005 qui
891 1943 928 1994 N.

130 2004 162 2053 T.
183 2013 227 2049 ⁴ata
236 2000 399 2064 repraesentat,
411 2001 492 2063 duplex
502 2011 588 2050 tantum
599 2001 646 2051 dari
655 2003 730 2066 potest
739 2004 810 2053 ratio:
827 2008 861 2055 ael
870 2007 931 2069 quod

129 2064 249 2131 frequentis
265 2065 312 2128 ejus
325 2063 375 2112 usus
389 2064 430 2113 alia
443 2078 488 2113 non
502 2063 529 2112 stt
538 2066 616 2129 origo,
632 2067 669 2114 uel
679 2065 724 2113 effe
732 2068 812 2129 poffrt3
828 2072 863 2118 sul
870 2070 931 2133 quod

129 2133 176 2181 Res
190 2128 262 2193 ipsae,
278 2128 357 2192 quibus
370 2127 407 2176 hic
418 2128 535 2176 Numerus
549 2128 684 2192 applicatur,
700 2129 744 2178 hoc
754 2131 885 2194 mysterium
894 2150 930 2182 re-

127 2195 220 2260 quirant.
254 2192 362 2241 Dicamus
371 2193 400 2242 de
414 2203 507 2257 utraque
521 2193 564 2241 hac
578 2192 676 2254 ratione,
694 2204 716 2241 et
731 2193 859 2258 videamus,
876 2197 931 2262 quid

127 2256 232 2321 ponderis
246 2255 303 2305 insit.

357 2320 388 2369 A.
403 2317 467 2368 Prior
486 2318 555 2368 Ratio
569 2321 585 2368 ss
599 2336 652 2370 uera
670 2319 742 2382 foret,
768 2323 931 2383 demonstraret

129 2379 232 2441 quidem,
249 2384 293 2434 hoc
308 2383 413 2432 Numero
426 2382 478 2431 illud
492 2383 629 2455 Mysterium
643 2387 816 2457 comprehendi,
833 2390 870 2439 sed
881 2388 929 2453 qui-

129 2441 170 2491 bus
179 2440 279 2507 inlocis,
296 2447 397 2499 nondam
407 2446 577 2560 determinafeet:
592 2448 725 2513 assumam,
739 2450 793 2502 licet
807 2452 929 2564 origofepu

415 2528 417 2531 ·
555 2524 569 2559 u
879 2525 929 2565 orte
