2173 2960
424 172 539 221 ‘Petiulut
554 170 603 220 HI.
837 202 840 204 -
891 182 936 218 ω’]

924 212 928 230 l

133 310 183 343 cum
198 295 263 342 habet
278 294 335 339 inter
350 289 441 338 illustres
453 290 517 338 Casus
533 290 597 352 liujtrs
608 287 701 336 Periodi.
723 287 760 336 Ad
771 285 934 338 incrementum
983 332 984 336 ,

133 361 228 422 pertinet
244 355 297 422 (r),
314 354 372 417 quod
389 354 507 401 Christiana
517 352 607 415 Religio
622 347 679 399 fadta
694 352 721 399 fit
737 350 761 398 in
777 354 874 414 Imperio
884 356 933 402 Ro·

133 439 198 470 mano
210 438 226 468 a
246 418 382 481 temporibus
404 416 541 463 Constantini
561 416 598 461 M.
621 414 746 473 dominans,
768 429 837 476 eaque
851 417 934 463 ratione

133 485 240 541 creuerit,
256 496 281 529 ut
292 479 341 543 post
357 480 406 526 Sec.
419 494 488 532 unum
500 479 551 524 Sola
567 477 614 523 fere
631 478 759 526 obtinuerit.
796 476 834 541 (a)
847 480 933 526 Eodem

133 550 213 597 Seculo
233 545 377 593 fundamenta
395 542 446 591 'sum
463 540 522 604 jadla
540 540 694 588 Clrrillianilmi
709 544 766 589 inter
781 541 935 604 titalianus,

132 615 221 668 iberos,
237 608 356 655 Armenios
372 618 394 653 et
411 606 508 655 Gothos:
531 606 579 653 Sec.
598 606 629 654 V.
652 604 708 651 inter
725 608 817 665 Scottisj
835 604 935 668 Uargun-

133 673 210 722 diones
226 685 248 718 et
265 673 373 717 Francos:
391 672 439 719 Sec.
456 671 499 718 Vl.
516 668 573 716 inter
590 668 790 730 Anglo-Stxones:
819 671 868 719 Sec.
888 671 935 716 llll

134 750 156 785 et
171 737 231 785 Vtss
247 740 286 797 per
306 746 376 781 totam
397 733 444 781 fere
467 734 622 790 Germaniam,
644 745 668 778 ut
683 732 740 780 inter
757 734 849 793 Frisios,
867 736 935 781 Frau-

134 815 218 859 cones,
230 797 354 861 Bojoarios,
371 799 468 845 Saxones
484 795 529 845 dcc.
558 798 607 842 Sec.
625 795 658 841 nt
673 796 731 844 inter
747 799 823 845 Darios
840 811 862 844 et
879 799 932 845 Sue-

134 880 184 923 cos,
207 875 230 909 et
247 863 330 910 Gentes
345 861 516 919 Schlauonicas,
537 861 649 907 nolanos
663 871 685 905 et
700 861 816 924 llulgaros:
840 863 888 910 Sec.
913 860 935 908 X

133 929 192 977 inter
206 926 365 984 Normannos,
381 926 488 983 Pdonos,
504 923 614 971 Mosclaos
631 934 652 967 et
668 924 794 987 ilungaros.
829 927 894 973 Haec
909 924 934 972 li-

134 1004 170 1040 cet
190 989 354 1049 demonstrent,
374 988 562 1051 Propagationem
582 986 689 1035 Ecclesiae
710 989 831 1051 praecipuis
852 989 936 1036 casibus

134 1054 221 1104 Periodi
236 1051 422 1100 annumerandam
444 1050 500 1109 ell'e3
521 1051 579 1099 duae
598 1061 671 1098 tamen
687 1052 783 1100 rationes
798 1052 936 1115 impediunt,

133 1135 179 1182 qno
194 1115 279 1175 mitius,
296 1113 495 1165 charaderisticum
511 1114 584 1162 casum
594 1112 615 1160 in
627 1129 651 1160 ea
666 1115 730 1162 litum
752 1115 807 1174 elle,
819 1114 937 1163 statuatur:

362 1177 938 1245 A.QuodpoliticamagisluitearumGentiumeon-

134 1238 940 1307 versroquamEuangelica,fiteconjugiis‚siuemetu‚aliisquepoliticis

135 1307 258 1361 rationibus
269 1305 360 1353 effecla:
377 1305 423 1352 imo
439 1305 537 1355 uiolenta
552 1305 614 1366 l'aepe
629 1304 699 1369 magis
714 1322 780 1369 qtram
795 1307 875 1364 libera,
893 1307 940 1353 tte*

136 1387 190 1434 gum
205 1369 275 1433 magis
289 1370 416 1427 uoluntate,
432 1385 498 1433 quam
514 1364 686 1432 persuasionibus
701 1369 793 1431 Populi:
810 1382 834 1417 ut
846 1371 939 1431 lingula-

66 1455 67 1459 *
135 1451 187 1482 rum
203 1431 381 1493 Conuerlionum
396 1431 497 1480 Historia
516 1432 581 1479 l'acile
603 1430 691 1480 evincit.
727 1434 841 1480 Praeterea
858 1435 939 1496 Super-

137 1497 198 1545 stitio
214 1510 284 1559 aeque
298 1510 323 1541 ac
340 1495 437 1559 Religio
446 1495 569 1544 Clarilliana
584 1496 610 1542 ad
620 1495 664 1543 illas
677 1497 762 1545 Gentes
772 1496 862 1546 transiit.
897 1499 940 1544 Ρη-

137 1572 201 1609 erunt
215 1574 269 1621 ergo
285 1559 328 1606 hae
342 1558 499 1608 corruersrones
513 1561 540 1608 ab
555 1559 596 1607 illis
610 1558 736 1621 primorum
751 1561 881 1609 Seculorum
892 1561 938 1609 lon-

136 1640 166 1688 ge
181 1623 285 1672 diuersae.
309 1630 311 1635 “
521 1639 523 1641 ·
624 1626 626 1630 ’

366 1687 392 1733 Β.
410 1685 477 1751 Quod
497 1686 513 1732 st
535 1701 586 1733 cnm
602 1686 646 1733 lroc
667 1686 777 1734 Ecclesiae
797 1688 937 1736 incremento

73 1771 75 1774 ·
136 1761 277 1809 comparetur
291 1749 338 1810 ejus
354 1748 521 1794 decrementum
541 1748 583 1793 hac
601 1749 708 1805 Periodo,
733 1764 773 1810 per
792 1751 938 1797 Barbarorum

136 1810 259 1859 invasiones
278 1810 301 1857 in
323 1812 453 1857 Romanum
472 1807 595 1871 Imperium
617 1808 780 1867 Christianum,
798 1828 853 1875 ·per
874 1814 935 1860 Sara·

138 1890 217 1931 cenos,
232 1873 346 1931 Africam,
364 1873 502 1933 AEgyptum‚
519 1872 617 1934 Syriam,
633 1871 725 1934 aliasque
741 1874 807 1921 llfiae
817 1887 888 1938 partes
900 1873 938 1925 oc·

138 1946 256 1999 captantes,
268 1948 290 1983 et
301 1934 488 1982 Christianismum
498 1935 529 1982 ibi
538 1936 585 1982 fere
596 1935 759 1997 extinguentes3
775 1938 940 1987 incrementum

139 2015 184 2049 non
205 2011 291 2057 tantum
310 1998 383 2045 minus
404 1996 499 2046 notabile
519 1998 628 2057 redditur,
656 1998 692 2045 sed
715 2015 744 2047 ne
759 2001 836 2063 magni
851 2001 942 2064 quidem

139 2061 248 2112 momenti
264 2061 380 2123 uidebitur.
414 2062 434 2108 E
450 2063 526 2124 quibus
541 2061 589 2108 satis
604 2061 719 2120 elucescit,
735 2062 760 2110 in
771 2064 874 2112 hoccalu
886 2066 941 2113 Cha-

139 2127 248 2175 raderem
264 2124 353 2174 Periodi
368 2124 471 2171 collocari
486 2141 533 2173 non
548 2123 630 2187 polles
651 2126 691 2173 Ne
707 2125 792 2188 dicam,
809 2127 882 2176 casum
892 2130 941 2177 nos-

141 2204 201 2240 trum
216 2188 259 2246 elle
274 2189 341 2252 longe
355 2186 503 2236 illustriorem.

175 2253 195 2317 §.
212 2254 322 2301 Xcurrt.
371 2252 441 2299 Nunc
456 2252 484 2299 de
500 2251 631 2299 Charadlere
650 2250 760 2298 Ecclefiae
776 2256 883 2315 internae,
905 2257 942 2305 seu

143 2318 214 2365 Status
225 2316 336 2364 Ecclesiae
346 2316 451 2373 Moralis,
462 2314 563 2378 respedln
578 2316 652 2362 Cultus
667 2326 689 2360 et
700 2316 807 2375 Morum,
824 2318 943 2368 dict-ndum

143 2379 193 2425 erit.
228 2379 346 2436 Cliaradler
361 2378 478 2425 Ecclesiae
486 2380 551 2441 liujus
566 2377 653 2426 Periodi
669 2377 771 2440 respedlu
787 2382 910 2444 Religionis
920 2396 942 2429 et

107 2451 109 2456 ’
143 2439 242 2488 Virtutis
257 2443 351 2504 aliquam
366 2440 431 2492 subiit
446 2443 610 2498 mutationem
633 2440 699 2489 Unde
715 2440 797 2505 duplex
809 2446 876 2494 oritur
887 2448 942 2492 Claa-

531 2503 582 2570 Q4
859 2507 943 2558 rader:
