2173 2960
451 218 552 266 antuus
572 215 615 264 IV.
880 225 925 273 157
974 204 976 207 ¹

350 337 378 383 sl.
395 339 513 399 Ingentem
530 334 684 383 conlisionem
700 331 758 378 inter
770 332 876 380 uuor-es
889 333 924 380 Ci-

120 397 193 448 uitatis
209 413 232 447 et
252 398 363 445 Ee'elesrae
380 402 491 463 expingit:
514 401 590 446 Solem
608 398 669 443 enim
685 395 712 443 ad
730 382 861 463 Ciuitaterir,
878 398 923 444 Lu-

119 480 170 510 nam
186 478 208 509 ct
225 465 300 511 Stells
315 462 340 508 ad
356 462 468 509 Ecclesiae
486 462 594 509 liestores
609 474 632 511 et
643 460 924 519 Dodioiesexpmgendos
945 478 946 481 ¹

116 528 227 584 adiissem,
250 525 309 572 resse
331 523 431 571 euislum
452 524 484 571 ell
505 541 517 571 a
539 526 572 573 Cl.
596 524 706 587 Vitringa.
746 521 852 568 Turselius
869 537 923 569 neto

118 589 165 637 else⁴
173 587 309 636 confusionis
320 588 449 647 Emblema,
462 587 555 636 constat.
591 588 656 634 llaec
671 602 726 635 ueto
742 585 843 632 confusio
859 601 926 647 qumn

118 665 170 713 apte
185 652 207 698 in
225 654 282 699 lianc
298 650 417 699 l-‘eriodum
433 652 537 715 quadret,
559 663 620 714 patet
633 650 676 707 illi,
697 648 735 713 qui
756 649 783 696 ad
804 648 926 696 collisiones

117 718 295 776 Imperatorum,
312 716 416 776 Regum,
434 718 557 779 l'aparum,
574 715 601 762 ad
623 714 734 762 iussiones
750 712 882 761 Guelforum
903 724 926 759 et

118 777 295 834 Gilsellinoruml
313 779 340 826 ad
351 779 513 842 Expeditiones
533 780 653 838 cruciatos,
673 779 701 827 ad
715 778 774 825 Bella
790 792 843 825 cum
858 775 923 825 Albi-

117 841 231 905 gensrnus‚
248 842 342 891 Hussrtis
359 841 404 891 &e
422 843 547 891 attenderit.

348 909 373 954 B.
385 907 570 955 imminutionem
581 916 603 952 et
611 905 778 968 prostitutionem
793 902 924 970 probrosam

116 968 237 1033 Dignitatis
252 981 274 1015 et
289 970 411 1018 autoritatis
426 986 504 1019 eorum
516 970 641 1018 Redorum
652 986 739 1034 quoque
754 970 903 1033 repraesentat
915 984 922 1026 3

116 1046 140 1082 ut
151 1033 211 1080 nesle
221 1034 281 1081 idern
293 1035 326 1083 Cl.
338 1034 445 1097 Vitringa
460 1033 564 1097 exponit,
581 1046 629 1080 tum
640 1040 665 1080 ad
681 1035 702 1083 li.
714 1036 737 1092 l.,
755 1047 803 1081 tum
820 1034 847 1080 ad
864 1035 921 1094 Cap.

116 1098 183 1152 XVI:
204 1113 240 1145 10.
274 1098 302 1144 In
323 1098 365 1145 hac
381 1110 456 1145 autem
475 1096 634 1145 Prostitutione
655 1097 856 1145 chatasletillicum
877 1094 924 1142 Dei

117 1160 230 1222 Judicium
246 1159 269 1206 in
287 1175 325 1206 eos
342 1162 383 1207 hac
403 1161 497 1209 Periodo
513 1162 560 1209 fere
575 1161 639 1208 situm
659 1161 709 1209 l'uit.
747 1159 856 1222 Maiestas
877 1160 923 1205 Im-

114 1222 225 1287 peratoria
241 1234 264 1269 et
278 1223 351 1287 Regia
367 1237 503 1289 quantopere
524 1225 592 1273 suerit
607 1224 690 1284 sraela,
707 1236 730 1271 et
745 1222 838 1273 ludibrio
851 1221 924 1269 habita

114 1288 138 1335 in
151 1286 296 1335 collisionibus
307 1289 428 1351 Pnparum,
445 1289 523 1353 cuique
538 1291 678 1353 inpromptu
695 1287 734 1337 cll.
762 1289 805 1335 Sed
823 1298 845 1333 et
854 1288 922 1349 Papa-

114 1366 165 1398 rum
180 1349 286 1413 Dignitas
302 1363 324 1397 et
340 1352 454 1400 Antoritas
469 1353 611 1416 summopere
626 1353 742 1400 obscurata
757 1351 790 1399 est

345 1429 372 1474 ss.
388 1418 430 1464 Per·
440 1419 531 1480 Regum
547 1433 592 1465 non
603 1428 702 1476 tantum,
720 1417 756 1464 sed
773 1429 795 1464 et
810 1415 842 1462 fic
852 1414 923 1462 dislo-

113 1495 163 1526 tum
178 1478 366 1534 Haeretieornm,
383 1479 547 1544 oppositionem
564 1481 587 1528 hi
604 1481 663 1527 enim
679 1496 758 1532 eorum
775 1479 851 1538 Vitia,
869 1479 918 1542 Ty·

82 1570 84 1573 ·
112 1542 230 1600 ¹tantidem
241 1541 455 1604 etSuperstitionem'
465 1544 488 1592 in
500 1546 580 1593 claram
591 1557 746 1607 protraxeruut
757 1545 845 1601 lucem,
861 1542 922 1606 quod
982 1559 983 1564 ¹

115 1624 128 1654 a
138 1604 293 1654 Waldensrlms
304 1621 343 1667 pn·
354 1618 425 1654 totam
435 1607 492 1656 lianc
501 1608 622 1657 Perlodum
632 1607 718 1656 Iasium
734 1608 779 1668 est,
801 1621 823 1656 et
832 1606 920 1669 persee-

113 1682 161 1719 tum
175 1683 216 1732 per
232 1669 384 1718 Reformatos.
674 1711 676 1715 .

288 1761 289 1764 ¹
341 1742 365 1786 Ξ.
382 1736 424 1782 Pet
433 1736 532 1797 publicas
542 1752 636 1799 magnae
646 1734 830 1798 isliusEcclefiae
839 1735 916 1780 Mem-

113 1798 204 1845 btorunr
223 1797 291 1855 partis
310 1796 458 1858 separationes
478 1800 504 1844 ab
525 1814 603 1845 eorum
629 1799 789 1845 conununione
800 1834 806 1856 ,
838 1796 918 1860 quibus

112 1858 247 1922 dignitatern
263 1871 285 1906 et
300 1858 434 1921 potestatem
444 1860 510 1908 ,stiam
525 1876 662 1925 magnopere
684 1861 788 1910 viderunt
819 1859 916 1907 inminu-

113 1935 167 1970 tam.
191 1982 192 1985 Ἴ
231 1949 232 1952 =
865 1976 866 1979 Ἰ

342 1989 362 2038 J.
384 1988 427 2035 Per
451 1988 580 2051 pudendum
600 1988 623 2035 Id
644 1988 744 2037 Schisma
765 1988 845 2051 Papale
865 1990 916 2038 Sec.

113 2052 174 2100 XIV
189 2050 281 2104 etXV.
298 2065 342 2112 quo
358 2051 422 2104 ualde
437 2052 469 2099 est
485 2052 601 2116 prostituta
615 2053 682 2099 Sedes
698 2051 797 2115 Iopolis,
820 2050 861 2113 ipsi
877 2054 918 2102 Pa-

114 2131 157 2180 pae
172 2113 278 2178 depositi,
297 2125 321 2161 et
338 2114 442 2162 Coneiliis
458 2116 615 2164 uniuersalibus
631 2114 732 2179 subjesli

337 2189 362 2235 Ἶ.
374 2180 417 2226 Per
426 2181 563 2241 grauillimas
577 2179 716 2228 Calamitates
725 2181 746 2226 m
758 2178 918 2242 liancSedem,

114 2258 153 2305 per
164 2244 326 2304 Imperatorum
342 2256 364 2289 et
380 2243 471 2305 Regum
487 2244 623 2302 invasiones,
639 2243 752 2299 indusias,
770 2243 825 2289 teste
837 2245 916 2293 Hillo-

114 2306 159 2363 ria3
176 2306 199 2354 in
210 2305 282 2369 specie
298 2321 337 2367 per
354 2308 457 2354 Carolum
474 2309 546 2365 VIII,
562 2306 703 2355 Ludouieum
719 2307 763 2353 XII
780 2319 801 2353 et
818 2307 918 2357 Francis-

114 2384 165 2414 eum
179 2372 201 2425 I,
220 2369 339 2417 Gallianum
350 2372 439 2432 Regem
456 2385 478 2418 et
489 2372 559 2434 ipsum
575 2371 677 2420 Carolum
693 2370 718 2416 V
734 2372 911 2432 Imperatorem

114 2429 152 2488 qui
164 2433 375 2494 orrrrresperltaliam
383 2471 388 2492 ,
396 2445 418 2480 et
428 2434 612 2495 ipsanrRomam,
624 2435 723 2496 ingentes
734 2433 917 2483 circumtulerunt

113 2491 191 2537 caedes
206 2506 229 2539 ct
246 2496 384 2545 vallationes.
418 2498 506 2546 Rornae
522 2512 599 2559 captae
615 2511 638 2546 et
649 2496 752 2544 dirillime
767 2498 870 2545 traslatae
880 2514 915 2552 ex,

500 2562 525 2611 V
542 2575 554 2623 s
881 2577 916 2625 er.
