2173 2960
453 237 554 287 Perlodus
575 235 609 285 II.
880 252 923 298 113

121 359 175 407 tun
194 357 307 423 speciatim
328 354 411 403 dicatur
432 357 536 415 ereftus,
564 356 685 404 commode
710 354 815 419 explicari
838 357 921 421 nequit.

120 425 188 473 Lenia
204 421 269 476 nimis
284 418 348 476 sunt,
370 434 424 482 quae
445 419 481 466 nic
501 421 529 466 de
544 418 678 466 Alexandria
699 419 817 478 dicuntur,
838 421 924 469 necilli

120 489 216 551 propria.
255 479 385 544 Paganismo
404 481 519 544 superato,
541 482 648 530 Thronus
669 485 763 532 Satanae
784 481 830 530 dici
849 484 924 545 nequit

120 554 206 600 ereclus
220 550 243 596 in
258 544 362 593 Ecclesia.

293 635 294 638 =
350 624 375 669 Ἴ,
393 611 482 657 Satanas
499 609 535 657 lric
546 608 643 662 occurrit
657 621 683 657 ut
693 610 775 657 bellum
785 625 864 673 gerens
874 625 929 666 cum

121 675 207 726 Saufeio
223 677 277 740 Cap.
292 673 346 721 XII.
364 685 387 721 et
402 674 437 722 liic
453 674 499 738 ejus
515 673 548 721 est
563 673 686 721 clraraslcr:
704 687 727 721 ut
742 674 926 736 postea'demon-

121 742 200 789 strabo.

349 812 375 858 ῃ.
391 799 489 864 Epistola
499 802 554 849 lracc
564 814 610 850 uon
622 802 653 849 est
663 802 777 850 reserenda
787 803 813 851 ad
825 804 873 853 Sec.
880 804 925 853 IV.

123 866 159 914 sed
169 867 196 915 ad
206 867 255 914 illud
267 877 368 928 tempto,
384 882 428 929 quo
438 866 565 914 Pcrl'ccutio
576 865 653 929 coepit
668 882 718 914 cum
728 869 806 916 Decio.

129 983 131 987 y
154 930 174 994 §
191 931 286 987 LXXX.
349 930 433 977 Notlra
455 928 593 993 Hypotlresrs
619 929 721 978 facillima
740 931 790 989 est,
816 943 838 978 ct
858 931 927 988 nihil,

122 995 181 1059 quod
192 993 297 1052 offendit,
314 993 386 1042 lrabet.
418 996 553 1055 Pergamum
568 1004 591 1039 et
607 994 714 1056 Antipam
730 994 816 1047 necellfe
832 1011 876 1042 non
894 994 927 1043 est

122 1059 255 1123 prophetice
269 1057 410 1119 interpretari
426 1056 449 1103 in
465 1052 565 1118 Epistola
579 1050 660 1120 duplici
676 1057 739 1105 sensu
754 1058 865 1121 praedita:
888 1060 928 1106 alia

122 1122 227 1179 insensu
243 1121 365 1179 historico,
382 1120 422 1168 alia
437 1118 461 1167 in
477 1119 610 1183 prophetico
626 1122 744 1170 ueritatem
760 1121 841 1169 liabent
856 1124 926 1185 majo-

123 1202 147 1233 re
162 1187 278 1233 minoreve
295 1184 399 1248 emphasi.
433 1184 530 1247 Antipas
540 1199 581 1246 pro
597 1186 715 1243 ’narlaarap
725 1184 812 1232 illustris
824 1186 928 1249 Martyr,

122 1249 182 1298 forte
198 1249 333 1312 Episcopus,
354 1247 419 1295 fuisse
439 1248 528 1295 uidetur
547 1246 570 1295 in
586 1248 684 1296 Ecclesia
702 1250 851 1311 Pergamena,
868 1250 932 1313 cujus

123 1314 203 1367 similes
218 1316 240 1360 in
256 1312 347 1376 publicis
362 1311 474 1360 Ecclesiae
493 1312 559 1374 liujus
579 1310 669 1359 Periocli
683 1310 874 1361 Persecutionibus
893 1330 931 1361 oc·

125 1377 162 1432 eisr
178 1376 228 1425 sunt
243 1375 295 1424 fidei
311 1374 385 1423 causa:
402 1376 462 1436 quod
478 1374 515 1423 nic
531 1374 618 1423 sufficit,
653 1377 676 1423 Si
691 1391 747 1424 uero
758 1375 806 1438 quis
816 1377 843 1424 ad
853 1392 930 1425 cuem-

123 1442 186 1504 plum
201 1442 276 1502 magni
292 1438 353 1488 Vitr.
370 1438 494 1487 institutum
510 1439 578 1497 velit,
594 1439 611 1486 is
626 1439 664 1486 sub
675 1440 765 1487 nomine
780 1442 882 1503 Pergami
893 1458 931 1489 co·

124 1504 180 1567 giret
196 1504 224 1552 de
239 1501 374 1552 Nicomedia
388 1516 410 1550 et
426 1502 561 1553 Diocletiani
576 1502 662 1566 Regiam
684 1503 744 1567 quod
760 1504 887 1554 Persecutio
908 1521 934 1555 ea

126 1569 149 1615 in
168 1569 232 1616 Urbe
251 1567 340 1615 decreta
360 1565 412 1624 est,
427 1578 450 1614 et
470 1566 522 1615 inde
537 1582 578 1629 per
597 1578 671 1616 totum
687 1569 774 1615 Orbem
794 1567 932 1629 dimanavit3

125 1647 193 1694 quare
207 1631 268 1679 teile
288 1631 381 1677 thronus
397 1632 489 1681 Satanae
508 1630 552 1678 dici
567 1630 642 1694 potuit
661 1630 691 1679 ibi
707 1631 800 1680 ereslus.
838 1633 933 1695 Atrtrpas

74 1719 77 1722 ·
129 1697 156 1753 fit
166 1694 289 1743 Antlrimus
303 1693 360 1743 illius
376 1694 435 1742 urbis
450 1693 588 1756 Episcopus,
604 1709 659 1743 mox
674 1694 772 1752 occisus3
788 1695 871 1758 dequo
887 1697 932 1745 vid.

128 1758 207 1805 Euseb.
225 1757 284 1806 Hist.
302 1759 328 1804 E.
346 1758 372 1803 L.
391 1758 432 1805 VI.
452 1760 477 1803 C.
495 1762 516 1805 8.
538 1757 637 1816 Niceph.
658 1756 718 1805 Hill.
741 1760 768 1804 L.
787 1760 840 1806 Vll.
864 1760 888 1807 C.
906 1764 930 1807 6.

126 1833 148 1868 et
170 1820 275 1867 Chronic.
296 1818 404 1866 Paselrale.
437 1817 534 1878 Antipas
554 1816 586 1863 est
600 1817 740 1879 Vico-Papa,
757 1830 779 1864 et
794 1819 932 1883 Episcopum

47 1920 52 1932 s
127 1879 204 1933 notare
220 1881 299 1945 potest.
334 1881 378 1927 Sed
394 1879 463 1930 tutius
478 1879 523 1936 eu,
544 1896 557 1927 a
572 1880 647 1927 talibus
662 1880 818 1931 subtilitatibus
839 1885 933 1934 abstine-

129 1963 165 2007 re,
174 1951 204 1995 'et
219 1943 247 1996 in,
257 1942 428 2009 generalioribus
443 1942 588 2008 acquiescere.
622 1945 742 2009 Pergamus
762 1959 816 2009 ergo
838 1949 866 1996 ad
881 1950 933 1997 reli·

130 2028 182 2076 quas
197 2010 308 2073 Epistolac
323 2009 405 2059 Partes.
881 2016 885 2062 ζ

134 2115 137 2121 f
162 2075 183 2141 p.
201 2074 306 2129 LXXXI.
361 2074 386 2120 C.
407 2073 495 2120 Praeter
515 2073 571 2121 hanc
597 2073 739 2122 Constantiae
765 2086 789 2122 et
813 2076 939 2127 Patientiae

84 2169 85 2172 =
130 2141 245 2189 Virtutem
260 2137 328 2185 modo
343 2148 508 2193 memoratam,
529 2152 584 2199 quae
600 2136 755 2186 Clraraslerem
771 2137 838 2187 status
858 2141 940 2191 interni

131 2204 240 2253 Ecclesiae
260 2200 369 2264 absoluit,
390 2199 503 2249 Dominus
518 2200 661 2263 reprehendit
681 2200 802 2249 Ecclefian
823 2205 940 2270 Pergame-

131 2287 195 2329 nam,
206 2267 265 2331 quotl
276 2265 439 2313 Nicolaitarum
446 2261 571 2312 doslrinam
581 2264 605 2313 in
614 2264 663 2312 srnu
672 2264 712 2312 suo
722 2265 815 2314 foveant
825 2268 851 2316 ad
863 2286 939 2318 exem-

133 2336 194 2395 plum
216 2330 374 2388 Israelitarum,
396 2328 434 2392 qui
454 2326 501 2375 astu
521 2327 613 2377 Bileami
632 2328 659 2375 ad
678 2328 829 2378 Idololatriam
846 2334 940 2386 'addusli

132 2397 181 2444 sunt
197 2410 220 2443 et
235 2393 404 2452 scortationem,
421 2402 443 2439 et
459 2404 579 2454 propterea
594 2391 666 2456 gladio
681 2390 762 2454 puniti.
797 2395 863 2444 Vitia
873 2402 941 2447 ambi-

132 2457 212 2513 tionis,
229 2459 297 2506 fastus
313 2470 335 2505 et
351 2459 413 2505 lurrus
433 2454 471 2502 luc
489 2456 572 2504 notari:
588 2455 649 2502 teile
659 2455 762 2504 observat
774 2459 806 2507 Cl.
819 2460 939 2523 Vitringm,

131 2518 191 2583 ‘qarod
210 2519 281 2578 ipsum
298 2521 321 2567 in
332 2519 453 2567 Ecclesiam
470 2517 558 2567 nostrae
573 2518 660 2568 Periodi
675 2533 687 2567 a
703 2519 777 2569 Decio
793 2522 818 2571 ad
831 2519 944 2575 Constan:

522 2582 539 2631 Ρ
868 2599 941 2646 unum
