2173 2960
143 223 177 271 De
189 221 259 271 Molli.
271 212 362 286 Qraest.
373 213 396 260 cle
408 212 505 261 Arriirlu.
519 214 580 260 trusi.
593 223 613 258 er
621 211 704 273 perulo
715 214 840 281 Arnum-ist.
864 231 877 264 2
881 231 909 279 31

109 390 138 423 ve
149 375 247 431 aliunde,
263 369 337 435 petitis
348 367 469 417 rationibus
478 366 608 424 adfirmare,
624 366 640 414 fi
655 384 689 417 res
705 368 741 417 uel
757 367 822 416 dubia
835 370 907 431 soret,

108 441 144 488 uel
154 440 176 487 in
187 437 278 486 dubium
288 436 315 481 ab
327 431 398 494 aliquo
405 431 529 479 vocandam
541 428 703 491 existimarem,
720 431 743 479 in
754 446 859 495 promptu
874 437 908 483 so·

107 517 154 561 ret,
171 499 299 565 quaestione
316 494 493 557 circumscripto,
509 506 532 540 et
553 493 589 539 via
604 492 634 549 src
646 494 724 554 struto,
742 510 844 558 eampum
867 499 909 545 liis·
952 514 956 530 i

107 568 177 614 toriae
191 563 326 627 aperiamus,
345 573 440 620 eumque
455 555 615 619 ingrediamur,
637 571 661 604 ut
677 563 713 606 uli
729 572 750 605 et
767 562 846 620 quondo
862 562 908 607 An-

49 658 51 660 >
107 629 198 676 ticlrristi
209 639 304 688 regnum
315 620 425 685 viguerit,
440 621 491 667 luce
501 618 621 667 meridiana
636 622 713 671 cintius
729 623 843 671 elucescat.
878 625 911 671 ita

107 692 169 737 enim
183 688 291 746 bohemie,
308 687 390 744 uelim,
404 685 510 747 periurium
525 682 735 743 iintielrrisiiunam,
753 699 774 733 et
791 703 835 750 quo
852 699 907 735 tem·

106 768 162 816 pore
177 752 257 811 iltuit,
273 750 337 799 fuisse
352 749 438 813 publice
454 762 544 804 notam,
561 759 583 794 et
599 764 658 796 nunc
675 749 771 809 nemini,
789 752 827 798 uili
839 751 906 798 hislo-

106 817 188 864 riurum
206 814 382 878 imperitissimo,
400 812 444 860 effe
459 813 482 860 in
500 812 593 859 obscuro
613 813 718 872 positam:
741 831 796 878 quite
822 814 911 864 criteritt

106 881 123 928 sr
149 879 315 939 desiderentur,
346 894 386 941 pro
408 875 581 925 Anticlrrislinna
606 876 698 937 periodo
719 894 763 926 non
785 878 908 940 habentur,

106 944 208 1006 equidem
229 944 299 991 nullus
317 942 438 990 intercedo.
479 939 539 1005 Quid
555 937 635 986 euim?
652 952 697 987 tum,
711 941 814 989 immunis
836 945 906 992 bellua

105 1007 278 1071 quoquoversum
295 1019 356 1065 ruet,
373 1017 395 1052 et
410 1018 506 1051 terrores
522 1019 547 1048 ae
570 1001 646 1051 caedes
667 1003 825 1064 circumferet,
846 1021 869 1055 et
884 1007 908 1065 in

59 1108 61 1111 .
104 1070 208 1118 omnium
219 1072 294 1118 oculos
305 1085 350 1116 non
365 1068 481 1115 incurret?
498 1066 545 1127 quis
557 1065 601 1124 est,
618 1066 668 1129 qui,
681 1080 705 1114 ut
720 1068 743 1116 id
761 1071 848 1130 eredat,
864 1071 911 1119 ase

105 1135 227 1196 impetrat?
244 1134 301 1180 Non
312 1130 376 1178 nimis
391 1130 488 1177 fidenter
498 1129 590 1191 loquor,
606 1130 733 1178 aduersariis
754 1133 808 1180 latus
825 1136 909 1188 muium

105 1213 153 1245 non
173 1197 287 1260 praebeo,
318 1210 360 1243 nec
381 1210 430 1252 eos,
452 1193 583 1257 quibuscum
606 1195 667 1241 nobis
692 1195 746 1241 haec
777 1211 907 1248 coutrover-

106 1261 136 1307 sm
151 1258 281 1318 intercedit,
299 1260 391 1323 sperno:
413 1257 451 1305 sed
471 1256 548 1305 causae
567 1258 616 1304 luce
636 1258 673 1307 suo
688 1259 783 1322 fulgenti
806 1261 859 1323 quin
881 1263 915 1315 fir

73 1342 75 1345 ·
105 1324 169 1382 dum,
181 1339 227 1371 non
237 1324 332 1386 possum.
365 1321 422 1386 spsr,
435 1320 513 1380 uelim,
528 1320 642 1382 judicetis,
656 1338 698 1370 nec
713 1324 749 1372 vel
764 1323 909 1375 severissimos

106 1387 197 1449 refugio
210 1387 302 1449 judices.

138 1450 158 1514 §.
176 1447 244 1498 XIX(
334 1448 403 1514 Quis,
418 1447 511 1512 quaeso,
527 1447 612 1510 primus
628 1451 673 1511 est,
689 1451 726 1514 qui
736 1451 758 1499 se
773 1452 837 1516 supra
846 1455 909 1519 quic·

103 1514 155 1576 quid
170 1514 270 1562 sonitum
286 1524 308 1560 et
323 1511 462 1561 sublimeest
482 1512 505 1559 in
522 1512 613 1560 ciuitate
627 1527 650 1562 et
666 1515 776 1576 Ecclesia,
793 1519 908 1567 eleuauit?

103 1578 151 1639 quis
167 1576 205 1639 qui
219 1576 332 1640 praetenso
341 1575 453 1624 Ecclesiae
466 1575 516 1638 jura
526 1575 600 1623 hostili
611 1594 677 1628 manu
688 1580 798 1643 adgressus
814 1582 845 1629 est
861 1584 909 1631 vm.

105 1639 195 1687 dicare?
211 1640 261 1699 cui,
278 1641 317 1694 nisi
334 1639 409 1703 quide
425 1638 508 1686 haeresi
524 1637 700 1690 l-lilrlebramlinu
720 1645 832 1693 nefando
848 1646 909 1694 audi·

104 1704 150 1763 vit,
167 1704 288 1767 Gregorius
304 1705 363 1762 VH,
380 1702 429 1751 alius
445 1702 624 1764 Hildebrondus,
640 1721 685 1754 non
700 1722 755 1755 mou
770 1708 792 1758 in
808 1723 908 1757 mentem

105 1767 180 1826 uenit5
197 1767 379 1831 pupasuperbus‚
397 1778 419 1812 et
437 1765 550 1824 terribilis,
569 1768 594 1814 ab
610 1785 629 1816 a,
649 1786 709 1831 1073
728 1773 754 1818 ad
772 1776 841 1822 1086.
859 1773 902 1819 uri·

104 1846 148 1893 que
167 1829 213 1892 ipse
229 1831 328 1893 primus,
344 1842 369 1877 ut
385 1828 477 1876 nomina
494 1830 570 1891 Papo>
591 1843 613 1877 et
632 1834 732 1895 Episcopi
757 1835 908 1898 Uur'nusrrlis,¹

104 1893 131 1941 ad
157 1894 211 1941 solos
236 1894 359 1956 Episcopus
384 1892 499 1940 Romanos
525 1892 651 1952 restrinxit3
674 1895 704 1943 sic
723 1896 852 1959 supremum
884 1913 907 1947 et

103 1954 245 2020 &eloquor-uli
260 1958 283 2004 in
300 1955 456 2019 temporalibus
473 1969 495 2003 et
511 1956 656 2021 spiritualibus
669 1958 788 2022 imperium
809 1961 846 2011 sibi
869 1965 907 2012 nd-

103 2022 181 2081 seruit,
198 2034 221 2068 et
237 2020 350 2080 mercum
373 2019 521 2085 fundavitque
540 2021 673 2084 primatum,
695 2023 779 2082 dicum,
796 2041 822 2073 tm
843 2026 908 2075 Toru-

106 2096 163 2144 tum,
179 2084 234 2133 sedis
249 2085 345 2147 Papiriis,
362 2100 390 2132 eo
408 2082 475 2131 etium
491 2085 571 2149 usque,
589 2097 625 2145 ut,
645 2085 752 2150 quicquid
767 2088 815 2150 ipse
831 2091 911 2141 defini·

105 2149 174 2208 verit,
190 2147 295 2212 quiequid
307 2150 452 2212 policornu,
469 2164 510 2210 pro
525 2150 576 2213 jure
591 2161 614 2196 et
629 2150 680 2211 lege
695 2150 801 2200 habeatur
807 2190 814 2212 ,
830 2170 859 2202 ne
871 2172 909 2204 eir-

104 2212 175 2275 ceptis
191 2215 251 2259 libris
268 2216 387 2270 corroniri'r,
405 2226 449 2258 non
467 2212 509 2258 uisr
520 2211 640 2259 accedente
657 2212 787 2262 uirsloritate
807 2217 855 2279 ejus
876 2235 910 2266 re-

103 2278 168 2338 gulae·
183 2293 208 2323 uc
223 2291 314 2323 normae
331 2278 378 2337 uim
394 2272 506 2322 habituris.
540 2276 655 2323 Praetereo
671 2278 848 2329 inobedientiam
865 2282 911 2332 secli

104 2340 246 2400 Apostolicne
258 2340 324 2389 ⁴nihil
344 2337 418 2388 minus
434 2337 558 2401 essequam
570 2338 640 2403 serlus
657 2341 800 2401 idololatriae,
817 2344 912 2396 sonciujt

104 2402 202 2461 primus3
218 2404 265 2466 ipse
279 2420 358 2467 regum
376 2414 399 2450 ct
412 2400 543 2466 principum
553 2404 781 2465 cuuitslormrrlorum‚
798 2419 821 2454 et
837 2410 910 2460 subili-
939 2424 941 2428 '

104 2471 138 2506 tos
154 2480 165 2509 a
184 2468 311 2526 juramento
332 2463 442 2513 fidelitatis
464 2466 604 2526 absoluendi,
623 2466 756 2530 potestatem
775 2470 813 2518 sibi
828 2474 913 2535 primus

104 2522 226 2585 adrogauit.
261 2526 366 2590 Denique
388 2528 414 2575 ad
428 2527 480 2589 jum
498 2530 549 2587 suo,
571 2530 610 2581 sub
630 2530 729 2594 specioso
746 2533 849 2583 libertatis
865 2540 908 2586 Ec-

493 2595 530 2644 Fs
542 2608 558 2652 4
797 2600 911 2655 cleiinstici
