2173 2960
439 203 554 253 stridulo·
571 200 604 251 H.
889 225 934 273 rr7

200 323 204 333 ι
218 322 223 332 ι

123 324 197 372 ¹Christ
217 315 275 371 inter
285 323 384 378 Gentes3
396 337 440 384 quo
452 316 554 385 tempore
567 320 681 382 emittes,
693 339 735 386 qaia
748 326 798 378 lle-r
810 328 930 392 Gentium,

118 389 183 452 ‚qumi
200 387 298 445 delituit,
319 385 417 431 Ecclesia
437 387 458 432 in
480 386 576 432 Deserto
591 384 645 443 suit,
667 389 756 434 Satanas
771 390 856 439 eausam
871 395 931 444 suam

100 480 101 483 =
125 453 238 509 desersdit,
260 447 358 496 maxime
379 462 419 507 per
440 448 568 495 calumnias.
605 451 650 509 gria
669 450 759 514 incepit
779 452 831 500 inde
846 457 930 508 bellum

124 515 235 579 publicum
252 529 304 560 cunr
320 509 366 574 ipsa
382 510 480 559 Ecclesia
494 509 517 557 in
533 522 592 557 terra
607 527 647 574 per
662 513 830 564 Persecutiones
849 518 901 565 inde
920 538 933 570 a

123 579 204 628 Decio.
240 575 335 640 Quando
350 586 388 634 ata
398 574 508 622 Ecclesiae
523 573 599 637 coepit
615 575 713 625 liberatio
731 591 753 626 et
764 580 840 645 Regni
852 581 932 634 Clrristi

124 642 211 707 publiea
227 639 323 697 emedio,
339 637 378 685 seu
398 637 490 697 Christi,
507 638 579 686 adbuc
593 639 653 702 quasi
667 640 784 703 latitantis,
800 645 888 709 publica
898 646 932 696 in·

123 704 238 767 asigniatio
254 716 280 750 ut
291 702 362 765 Regis
378 702 491 751 Gentium.
528 701 592 769 Quae
607 719 673 765 quam
690 719 740 768 apte
757 711 892 758 conueniant
907 711 931 761 in

127 768 270 825 Cliaraeleres
285 767 441 826 Periodorum‚
459 766 522 814 facile
537 766 678 827 conspicitur.
717 772 781 820 Plura
796 790 842 822 non
859 775 930 837 addo,

123 847 175 880 cum
190 832 259 878 lineas
270 829 291 878 in
307 830 348 879 hac
367 829 513 878 Tradatione
529 829 611 877 duxill'e
627 830 744 883 suffecerit.
873 895 874 898 Ἴ

102 924 103 927 =
155 895 176 959 §.
193 895 324 944 LXXXVI.
353 894 523 942 Transeundum
543 910 608 962 nunc
624 894 683 943 soret
703 899 730 946 ad
750 900 821 948 lldum
837 903 930 963 Tubici'-

123 959 197 1008 nium:
215 959 251 1007 sed
272 973 340 1021 quum
359 958 381 1006 id
397 957 501 1006 direslius
516 959 640 1021 pertineat,
658 975 684 1008 eu
703 962 776 1012 nollra
796 965 927 1029 hypothesi,

122 1023 149 1070 ad
165 1023 209 1086 seq.
225 1022 358 1080 Periodum,
379 1037 421 1069 nec
437 1021 477 1069 nisr
499 1021 558 1068 casus
574 1027 717 1085 praenuncius
732 1026 756 1075 in
776 1028 873 1079 nostram
889 1049 930 1081 ca·-

122 1088 172 1147 dat‚
188 1086 358 1149 explicationem
376 1100 403 1132 eo
419 1100 488 1149 usque
499 1084 614 1150 differam.

358 1148 458 1197 Confero
473 1163 526 1212 ergo
542 1160 580 1197 nte
590 1151 615 1198 ad
627 1152 754 1214 Prophetias
765 1158 798 1206 V.
810 1159 840 1207 T.
856 1158 930 1222 inqui-

122 1213 212 1273 siturus,
228 1212 285 1261 sitne
300 1212 380 1278 aliquid
395 1211 485 1272 inillis,
501 1213 561 1276 quod
577 1214 604 1262 ad
620 1214 717 1271 nostram
733 1219 853 1270 Periodum
874 1224 930 1273 trabi
954 1237 956 1240 ’

121 1289 193 1340 queat.
232 1278 288 1325 Non
309 1277 341 1324 est
360 1276 416 1326 milri
434 1277 594 1341 propositum,
615 1280 691 1329 omnia
712 1299 768 1346 quae
789 1301 801 1331 e
821 1286 930 1348 Psalmis,

126 1337 231 1390 Cantico¹
248 1341 405 1400 Canticorum,
427 1340 518 1404 aliisque
537 1342 662 1404 Proplretiis
680 1347 778 1408 proferri
798 1349 881 1409 solent,
904 1353 931 1401 ad

122 1420 217 1453 examen
233 1421 354 1462 reuocare3
370 1420 422 1452 cum
439 1405 514 1453 omnia
530 1420 600 1469 aeque
621 1406 685 1455 facile
706 1411 848 1475 rejiciantur,
865 1424 932 1478 qnam

123 1480 249 1535 ponantur3
274 1469 311 1516 sed
327 1484 384 1532 quae
399 1485 451 1516 curn
466 1467 541 1531 specie
556 1469 701 1532 proferuntur
716 1492 729 1521 a
745 1476 806 1524 Viris
823 1472 931 1530 nonnullis
961 1479 962 1485 ’

126 1532 211 1592 ἀοᾶἰε,
230 1532 360 1595 *hypotlresr
381 1547 428 1580 non
449 1532 638 1593 inservientibus,
664 1536 703 1584 sub
723 1555 816 1590 examen
837 1543 933 1596 mittam:

123 1596 170 1644 Ubi
185 1600 329 1660 praecipuum
344 1608 442 1643 meretur
451 1591 538 1655 locum,
555 1598 614 1660 qttod
625 1598 668 1661 Jes.
679 1602 765 1652 XLIX:
779 1622 815 1666 14.
834 1620 855 1654 et
865 1624 928 1671 prae-

122 1659 189 1721 cipue
205 1678 227 1710 v.
245 1664 347 1721 nan-26.
366 1660 474 1709 occurrit:
492 1676 543 1707 curn
561 1676 655 1725 magnus
670 1663 706 1711 ille
722 1668 806 1732 Jesajae
819 1671 928 1734 interpres

120 1723 220 1772 ultimam
234 1725 365 1786 Perieopam
381 1722 464 1771 diredle
479 1724 562 1770 referat
575 1725 601 1771 ad
616 1726 794 1778 Persecutionem
805 1733 928 1783 Diocletia-

122 1785 157 1842 ni,
174 1797 198 1830 et
218 1785 328 1832 Ecclesiae
348 1786 500 1832 liberationem
521 1799 550 1831 ex
569 1787 616 1843 illa,
638 1786 706 1850 idque
726 1808 771 1840 non
787 1795 833 1841 sine
846 1812 927 1861 magna

120 1848 286 1911 probabilitate,
305 1863 354 1914 curn
372 1847 438 1894 series
459 1849 512 1910 Cap.
530 1861 557 1893 eo
573 1847 654 1895 ducere
670 1851 783 1914 uideatur,
805 1859 864 1920 quod
880 1861 930 1926 ipse
978 1910 980 1912 .

119 1911 208 1975 egregie
227 1923 333 1959 executus
353 1909 392 1959 est.
432 1910 489 1970 Sed,
511 1925 562 1958 cum
579 1911 658 1961 alliro
673 1915 762 1987 Magno
773 1919 885 1972 dissentire
901 1927 928 1976 li·

120 1988 182 2036 ceat,
199 1975 269 2024 obstat
283 1975 333 2022 lruic
349 1974 488 2037 l-lypotlresr:
515 1984 517 1989 '
603 1988 605 1992 '
686 2020 687 2023 ,

351 2039 381 2087 Α.
392 2039 461 2107 ¹Quod
472 2049 549 2086 mutua
560 2041 714 2103 oppressorum
726 2045 841 2098 Ecclesiae
860 2053 931 2105 deuo·

123 2105 181 2154 ratio
201 2103 273 2151 minus
293 2103 386 2164 quadret
405 2114 457 2165 apte
472 2102 493 2149 in
509 2101 557 2149 illos
573 2105 741 2167 Persecutores,
758 2124 780 2158 et
796 2114 861 2179 longe
882 2136 930 2169 rec.

105 2170 164 2217 'tius
180 2169 204 2216 in
221 2167 360 2215 Successores
375 2166 485 2214 Antiochi
501 2166 637 2228 Epiphanis,
653 2186 699 2234 quo
715 2189 743 2220 err
757 2191 808 2224 mea
823 2180 931 2236 sententia

122 2232 249 2297 respicitur:
272 2231 324 2279 licet
344 2245 401 2278 nitus
422 2242 459 2277 ant
475 2230 527 2277 alter
543 2231 711 2282 Persecutorum
727 2237 757 2284 ita
773 2242 878 2306 perierit,
894 2264 929 2298 re.

120 2298 174 2360 liqui
189 2310 263 2344 tritten
279 2297 306 2344 ab
322 2294 373 2359 ipsis
389 2293 502 2341 Ecclesiae
517 2293 665 2358 liberatoribus
681 2300 781 2349 debellari
798 2305 861 2366 sunt,
884 2329 930 2365 non

121 2376 134 2407 a
149 2361 172 2407 se
187 2361 299 2419 inuicem,
315 2373 341 2407 ut
356 2375 368 2405 a
384 2357 530 2421 Constantino
542 2370 565 2405 et
580 2359 680 2419 Licinio,
698 2364 784 2413 catrsam
797 2371 930 2427 Christiano.
964 2423 967 2430 ,

121 2437 170 2468 rum
186 2425 314 2484 agentibus3
331 2421 487 2470 Constantinus
503 2423 607 2484 oppreffit
623 2426 775 2478 blaniminum
792 2434 929 2491 l-lerculenm

121 2491 147 2535 etv
164 2485 322 2551 Maxentium3
353 2484 467 2545 Licinius,
494 2501 545 2532 curn
568 2487 742 2539 Christianorum
765 2496 817 2545 ell'et
837 2501 929 2566 fautor,

525 2549 541 2595 P
559 2563 571 2610 a
853 2565 930 2617 arasa
952 2625 953 2628 Ἴ
