2173 2960
155 148 186 193 sia
344 199 346 204 ,
371 145 469 193 uterina·
484 142 620 206 Piuplitticue
635 110 691 191 Pura
706 143 740 192 Il.

384 262 445 311 Vltu
456 261 560 310 Periodus
571 260 603 309 est
614 260 724 313 Ecclesiae
734 276 814 326 purae,
826 259 848 309 se
858 260 961 326 separare

154 322 281 386 incipientis
294 339 309 375 ,a
324 337 441 389 corrupta,
458 326 492 374 cui
512 341 601 390 quoque
619 326 756 390 promittitur
775 325 894 391 plenilliina
913 330 962 391 ejiis

155 387 268 437 Ecclesiae
283 388 426 453 Subjugatiot
443 389 480 438 secl
495 405 552 454 quae
567 406 613 439 non
624 389 669 438 line
683 391 747 453 graui
760 389 818 439 latia
828 391 960 440 efficeretur.

155 452 195 499 illa
220 451 307 515 incepit
329 466 384 501 cum
411 454 584 517 Resoriiiatione
604 454 697 517 publica.
732 455 793 519 Ergo
813 453 910 503 Ecclesia
924 453 962 500 bic

157 516 286 580 depingitur
300 533 313 565 a
328 518 378 566 Sec.
395 518 448 567 XII.
464 519 492 566 ad
507 516 691 581 Subjugationem
707 519 816 567 Ecclesiae
831 520 961 568 Romanae:

156 595 215 645 quae
230 580 263 628 est
278 579 376 629 Ecclesia
389 581 570 645 Plriladelpbena:
588 584 642 645 Cap.
661 584 702 630 Ill:
720 597 733 643 7
739 582 798 645 seqq.

388 646 472 693 Vllum
497 644 603 694 Periodus
629 645 661 693 cll
681 646 792 694 Ecclesiae
817 645 962 695 Reformatae

159 706 276 770 languidae
292 720 318 752 ac
334 706 436 770 tepidae3
453 718 509 772 quae
523 709 579 756 ratio
595 708 651 768 fuit,
667 724 734 772 quare
750 720 868 773 corruptae
883 710 961 757 Eccle-

159 770 203 817 siae
218 769 343 832 subjugatio
358 771 432 819 totalis
447 773 474 820 sit
489 773 608 829 retardata5
625 788 682 835 quae
697 784 771 819 tamen
787 773 925 835 promittitur
936 773 964 820 ad

159 833 238 882 chum
254 833 384 882 resumtum.
420 837 486 884 Haec
500 835 532 884 est
547 834 654 885 Periodus
670 835 728 899 ejus,
746 834 769 883 in
786 852 828 898 qua
844 851 905 884 nuuc
923 835 960 890 ad·

159 898 210 947 huc<
220 896 345 956 versamur,
363 898 483 948 Ecclesiae.

194 961 214 1026 p.
231 961 318 1008 XXXI.
392 964 445 1010 Hae
459 963 510 1019 suut
525 963 612 1011 Periodi
627 962 739 1012 Ecclesiae
754 960 877 1010 secundum
893 960 962 1009 inter-

160 1040 215 1074 num
230 1024 286 1072 illius
297 1023 391 1085 statum,
407 1041 436 1073 eii
451 1026 556 1090 Epistolis
571 1024 708 1091 llpocalypt.
725 1025 849 1074 derivatae:
867 1027 964 1089 Compa-

162 1104 237 1138 remus
253 1103 312 1136 nunc
328 1088 452 1154 Sigillorum
469 1103 492 1137 et
506 1090 654 1154 Epistularum
670 1091 776 1139 Periodos
790 1089 847 1138 inter
863 1088 892 1138 se.
981 1097 983 1101 ’

338 1207 340 1212 ,
393 1155 440 1202 luia
455 1154 561 1202 Periodus
571 1153 683 1202 Ecclesiae
699 1153 800 1218 respetlu
811 1153 877 1202 faciei
893 1163 965 1200 exter·

163 1232 206 1266 nae
225 1216 258 1265 est
279 1217 409 1279 Propaguti'o
430 1217 477 1280 ejus
492 1234 533 1281 per
549 1219 634 1267 Orbem
654 1217 764 1282 usquead
780 1217 839 1266 med.
856 1214 905 1265 Sec.
923 1217 964 1265 lll.

163 1296 217 1330 cum
238 1281 370 1342 inceperunt
384 1280 553 1330 Persecutiones¹
565 1280 672 1346 publicae.
707 1283 753 1329 Sub
773 1280 815 1327 liac
835 1293 910 1328 autem
925 1281 966 1327 Pe·

163 1345 229 1393 riodo
239 1344 325 1392 interna
335 1343 402 1393 facies
412 1345 523 1394 Ecclesiae
533 1344 628 1409 aliquam
638 1344 703 1393 subiit
713 1344 874 1403 mutationem,
890 1344 912 1392 iu
918 1341 967 1407 stu·

163 1411 198 1456 clio
210 1408 343 1467 Cliart'tutt'r‚
359 1408 447 1457 remisso
457 1424 526 1471 usque
536 1410 562 1456 ad
573 1409 711 1470 Trajanuni,
723 1420 745 1455 et
755 1407 870 1470 resumpto
881 1407 908 1455 ad
919 1410 967 1455 De·

90 1505 92 1507 -
164 1472 234 1520 ciuin.
273 1471 341 1519 Unde
361 1474 414 1520 rlrrue
429 1471 518 1521 Periudi
534 1472 652 1520 nascuntur
667 1472 768 1534 respectu
784 1471 866 1519 interni
888 1472 968 1519 Status.

166 1538 273 1596 Cetenmi
289 1534 387 1583 Ecclesia
403 1536 483 1583 Zelum
499 1551 545 1583 non
559 1546 646 1582 tantum
662 1534 786 1598 Religionis
802 1535 970 1597 propagandae,

165 1599 242 1648 sedet
259 1597 392 1646 Haereticos
407 1598 538 1662 detegendi,
554 1614 609 1647 mori
623 1597 716 1662 recepit.
738 1603 740 1606 “
757 1597 823 1645 Casus
838 1612 892 1660 ergo
908 1609 970 1644 exte·

164 1664 224 1721 rior,
246 1662 284 1726 qui
299 1661 323 1709 in
340 1662 397 1709 banc
412 1662 533 1710 Periodum
547 1662 675 1724 generalem
690 1659 782 1719 incidit,
803 1660 836 1707 est
851 1659 971 1707 multitudo

162 1726 268 1775 falsorum
284 1724 463 1788 Apostolorum:
490 1723 528 1786 qui
542 1734 617 1769 tamen
634 1723 694 1770 casus
712 1723 866 1771 cnaraderem
881 1721 972 1770 Periodi

164 1789 279 1840 absolvere
293 1802 340 1835 non
356 1786 444 1850 potest,
460 1798 509 1834 tum
524 1785 584 1850 quod
600 1785 699 1834 Ecclesia
730 1784 834 1834 uritatein
850 1785 910 1848 suam
926 1785 970 1832 tui-

165 1867 190 1903 ta
205 1853 244 1911 sit,
261 1865 303 1899 nec
319 1853 414 1898 multum
430 1851 457 1898 ab
473 1848 606 1898 Haeresibus
621 1848 662 1897 illis
677 1802 790 1912 palliaset
805 1850 970 1912 advEcclesiam

166 1916 258 1981 proprie
273 1930 319 1962 non
334 1914 502 1975 pertinuerunt:
518 1925 568 1960 tuni
582 1913 641 1976 quod
657 1911 770 1961 Ecclesiae
780 1911 914 1975 Propagatio
924 1928 970 1959 ma-

168 1980 202 2044 gis
221 1978 266 2025 suit
285 1977 419 2038 conspicua,
440 1990 463 2025 et
478 1976 590 2025 Ecclesiae
609 1976 692 2025 faciem
707 1975 887 2040 conspiciendam
908 1990 971 2037 prae·

168 2040 226 2093 buit.
248 2040 323 2106 Quare
339 2039 456 2086 Cbaratter
471 2040 582 2089 Ecclesiae
596 2040 698 2104 respetlu
714 2041 787 2089 Status
803 2037 891 2089 externi
906 2053 971 2102 quae·

169 2104 252 2155 tendas
268 2100 301 2150 est
316 2101 340 2148 in
355 2101 390 2148 illa
406 2102 575 2164 Propagatione.
672 2143 674 2147 ,
794 2101 797 2106 ’

302 2166 352 2212 llrlu
364 2163 470 2214 Periodus
485 2176 577 2213 externa
592 2163 690 2212 consistit
706 2164 729 2212 iu
744 2164 838 2229 publicis
848 2165 973 2215 affilatori-

169 2235 242 2283 busa
263 2228 337 2277 Decio
357 2228 425 2292 usque
444 2229 471 2278 ad
492 2227 665 2277 Constantinum
684 2229 721 2277 M.
766 2229 829 2279 Huic
854 2230 973 2294 respondet

170 2295 277 2347 Periodus
297 2292 451 2352 Elimeam,
472 2308 529 2357 quae
549 2291 670 2340 Ecclesiam
691 2290 780 2339 exhibet
800 2293 822 2342 in
843 2295 912 2352 locu,
932 2293 971 2342 ubi

175 2360 271 2411 Tin-ouri
287 2357 397 2415 Saturne,-
419 2368 441 2405 et
455 2357 572 2406 laudat‘ob
587 2354 754 2417 constantiam.
766 2355 802 2405 sed
823 2369 882 2407 taxat
896 2357 973 2407 remis·

170 2425 259 2476 sionem
274 2418 419 2485 Disciplinae.
905 2483 940 2532 ΠΙ

940 2485 974 2530 ria
