2173 2960
475 222 577 290 Petindrrs
601 217 627 265 V.
880 247 881 252 ,
906 224 949 274 173

144 355 243 399 crurum,
259 339 370 388 rationum
385 336 539 394 insuentium,
560 334 698 398 ahornruquc
713 331 837 380 taediorum
858 330 893 378 vei
915 329 948 392 ig-

146 403 193 452 nari
204 405 270 463 strnt‚·
283 403 317 451 vei
335 399 590 462 negligentensubinde
602 413 626 443 ca
642 399 783 459 spernentes,
799 409 901 458 tanquam
913 393 949 441 vel

144 467 242 527 inutilia,
258 467 293 512 vel
310 463 443 521 inefficacia,
455 465 481 510 ab
492 461 614 509 inrncdiato
629 460 716 507 aarum
728 457 821 522 Spiritus
832 460 854 504 S.
866 457 948 519 depen-

144 532 228 578 dentes.
263 528 340 592 Quid?
357 526 416 589 quod
427 525 464 588 qui
474 525 559 585 media,
571 538 691 587 eorumque
703 523 730 571 ad
740 520 832 584 gratiam
843 520 887 566 Dei
896 522 949 568 ube-

143 594 226 641 riorem
241 589 418 652 consequendam
434 588 594 650 aptitudinem,
612 587 733 650 eorumque
754 584 826 632 studio
846 595 869 630 ct
890 584 951 630 nrrrni

144 670 214 717 opere
228 653 403 701 adhibendorum
418 652 579 709 ncceffitatern‚
591 651 656 713 paulo
667 649 764 714 seuerius
774 659 869 712 urgent,
885 646 950 709 saepe

143 716 239 779 suspesti
253 716 345 779 aiicujus
360 715 479 775 haeresros,
491 728 513 763 et
530 714 623 778 Spiritus
634 714 655 761 S.
669 712 801 776 operationis
812 711 838 759 ad
850 711 949 758 animum

143 779 241 827 hominis
255 779 372 829 adversarii
387 779 505 840 habentur,
523 791 545 826 et
559 778 712 826 traducuntur.

146 848 148 852 ⁴
174 842 196 907 h
213 845 286 892 CLIII
380 856 400 905 a.
418 843 477 909 Quid
487 844 563 906 itaque
572 841 666 900 mirum,
683 841 834 890 incredibilem
845 841 949 902 ignoran-

141 907 196 955 tiam
216 923 261 971 per
285 907 392 955 Ecclesras
413 924 519 971 regnare,
546 922 599 953 curn
620 904 733 954 Christiani
748 905 808 964 sere,
831 903 883 968 quid
899 903 949 949 Lex

142 971 188 1019 Dei
208 983 231 1018 et
251 973 318 1019 Ratio
339 971 442 1034 erigant,
458 970 574 1034 ignorant:
595 970 659 1031 saepe
679 981 701 1016 et
716 970 771 1019 vitia
787 985 839 1017 cum
856 966 949 1016 Virtute

142 1033 252 1094 miscent3
273 1049 313 1097 pro
329 1034 390 1082 licito
406 1035 500 1093 habent,
523 1033 583 1096 qnod
605 1031 759 1081 Conscientiae
779 1030 894 1080 distamiui
909 1029 946 1076 ad·

142 1097 253 1157 versatur,
271 1106 296 1145 n't
310 1098 360 1146 sunt
375 1097 430 1145 vitia
450 1097 566 1156 avaritiae,
583 1095 714 1159 injustitiae,
731 1095 773 1143 zeii
792 1096 872 1153 amari,
889 1092 947 1151 odii,

144 1160 212 1209 fastus
228 1173 251 1207 et
265 1160 335 1209 luxus.
369 1162 483 1208 Praeterea
502 1161 572 1209 muita
592 1161 674 1223 flagitia
695 1174 784 1222 quoque
805 1159 886 1214 habent
906 1172 948 1221 pro

142 1222 291 1288 benetfasiis3
312 1236 337 1272 ut
353 1239 406 1272 cum
421 1224 498 1273 Sestae
518 1224 541 1272 se
561 1224 659 1272 invicem
679 1222 819 1281 aversantur,
843 1236 899 1283 cum¹
915 1232 948 1267 te-

141 1288 234 1336 meraria
254 1287 283 1334 de
302 1288 345 1335 aliis
366 1287 441 1336 serunt
459 1287 555 1352 judicia,
577 1288 729 1336 dissentientes
750 1297 844 1342 vexant,
867 1286 949 1332 bonam

141 1350 234 1399 aliorum
250 1351 332 1399 samam
347 1351 450 1411 laedunt,
467 1351 611 1400 Conscientiis
626 1352 725 1399 aliorum
736 1350 782 1398 vim
797 1349 908 1406 inserunt,
924 1349 949 1396 in

137 1414 234 1461 'aliorum
254 1415 316 1462 Enna
335 1417 414 1463 marius
430 1415 533 1478 injiciunt
554 1427 597 1464 etc.
621 1414 791 1469 srmodofiant
812 1429 825 1460 e
841 1410 948 1462 bonaia-

140 1478 253 1536 tentione,
269 1478 297 1525 ad
312 1477 429 1526 veritatem
447 1480 526 1528 Seciae
541 1479 733 1542 promovendam
749 1477 799 1524 talia
814 1477 895 1524 habent
904 1479 947 1538 pro

141 1540 204 1589 bonis
220 1540 336 1606 operibus,
351 1554 490 1605 quantopere
504 1559 593 1607 qnoque
607 1541 686 1605 injusta
701 1554 724 1589 et
739 1540 815 1604 iniqua
830 1541 879 1588 smt.
924 1538 926 1542 ⁴

367 1619 393 1664 η,
410 1605 433 1652 Si
443 1606 495 1654 dein
506 1606 533 1653 ad
544 1608 612 1654 vitam
629 1619 650 1653 et
661 1621 734 1653 mores
745 1604 894 1662 attendamus,
910 1602 948 1651 ubi

141 1668 260 1723 veracitas,
275 1666 495 1732 jttstitia,.aequitas,
515 1670 613 1718 Charitas
624 1671 719 1717 mutua?
734 1668 782 1716 imo
799 1666 874 1715 omnia
891 1682 944 1713 cotr-

139 1732 227 1787 traria
248 1730 306 1795 Quid
317 1729 399 1793 quaeso
414 1745 477 1780 tanto
492 1733 565 1788 studio
581 1733 617 1796 agi
633 1734 693 1780 inter
709 1730 844 1779 Christianos
854 1728 943 1787 videas,

141 1799 225 1855 quanto
235 1795 300 1857 hujus
311 1795 378 1842 Vitae
389 1798 454 1856 opes,
466 1795 562 1842 honores
578 1808 599 1842 et
610 1792 820 1857 concupiscentias„
830 1791 945 1855 acquirere

132 1871 178 1918 per
193 1855 225 1903 sas
241 1865 262 1902 et
278 1856 355 1903 nefas?
378 1856 439 1922 Quid
459 1857 596 1920 frequentius
611 1856 703 1915 litibus,¹
713 1854 841 1913 calumniis,
858 1855 943 1903 mutuis

90 1975 91 1980 ¹
138 1917 324 1978 accusationibus,
343 1919 401 1977 odiis
407 1954 419 1978 ,a
435 1919 567 1978 inimicitiis,
585 1918 770 1983 oppreffionihum
792 1918 943 1966 defraudatio-

140 1981 222 2029 nibus?
242 1994 265 2029 et
280 1980 344 2044 saepe
359 1983 389 2030 ob
403 1983 520 2044 opiniones
536 1995 634 2039 tantum„
654 1994 679 2029 nt
701 1981 821 2029 ambitioni
839 1983 905 2029 litent
921 1994 945 2029 et

139 2043 247 2092 dominio.
266 2045 327 2092 'Ubi
343 2045 449 2094 modestia
466 2058 488 2093 et
503 2047 644 2094 moderatio?
664 2045 777 2093 sinceritas
798 2055 820 2090 et
840 2043 945 2108 simplici·
975 2043 977 2048 ’

139 2121 172 2155 tas
188 2106 326 2156 Christiana?
341 2108 513 2157 Misericordia?
530 2110 633 2158 Studium
644 2111 701 2157 berre
717 2108 877 2170 deprompto,
894 2125 946 2174 qua·

137 2171 249 2234 iiscrrnque
264 2171 302 2230 srt,
318 2172 432 2231 merendi,
447 2187 470 2220 et
484 2175 531 2236 ejus
547 2173 708 2229 nece'srtatibus
719 2171 877 2220 sticcurrendi?
893 2173 945 2221 cha-

135 2234 190 2283 ritas
204 2247 294 2294 mutun,
311 2249 333 2282 er
348 2235 443 2299 hostium
458 2238 538 2284 umor?
792 2233 794 2237 ’

346 2312 348 2315 ’
368 2310 393 2355 Π.
411 2299 480 2347 Vitae
491 2300 605 2364 spirituaiis
615 2297 736 2362 principia,
749 2296 889 2345 Reuerentia
899 2298 944 2349 scis.

139 2374 162 2407 et
178 2361 275 2410 sincerus
285 2362 331 2410 Dei
347 2378 409 2409 arnor
424 2362 446 2409 in
466 2363 566 2422 Christo,
585 2365 676 2411 studium
693 2361 733 2423 ipsi
749 2373 798 2408 toto
808 2361 885 2409 auimo
899 2364 944 2425 pia-

140 2424 217 2481 cendi,
235 2427 301 2490 seque
318 2428 365 2491 ejus
381 2427 491 2476 voluntati
511 2427 534 2476 in
549 2429 650 2476 omnibus
665 2424 807 2488 subjiciendi,
829 2441 894 2489 qnam
911 2424 944 2473 ta·

138 2499 162 2532 ra
176 2486 244 2534 sunt?

545 2554 568 2600 Y
586 2569 597 2615 3
846 2563 859 2607 ἱ.
876 2549 945 2601 Addo
