2173 2960
186 142 230 192 goe
412 121 637 173 &tandemtandem
651 120 755 190 Quaerat.

187 295 216 328 aa
232 278 362 343 solennitate
378 282 514 337 celebremus,
525 279 566 344 sed
581 294 628 341 qaas
646 280 667 324 ia
682 275 731 340 stris
741 274 905 339 solennitatibus
927 294 986 326 arata«

187 358 247 401 niter,
264 346 329 389 etiarn
342 345 386 407 fide
403 345 470 406 finili
491 345 571 391 territari
592 359 631 390 nan
646 341 812 402 effartrtt'derans.
853 344 934 410 Quales
954 342 988 388 so·

189 406 318 465 lennirates,
335 408 372 470 pie
393 422 415 455 et
430 408 476 455 fine
491 405 647 471 superstitione
667 405 774 467 agendas,
794 407 858 454 liceat
874 421 895 454 ct
911 404 992 453 nostris

187 470 344 518 commendare
359 471 468 519 Ecclestis.
503 470 659 519 Praestiternnt
673 482 695 515 et
711 484 750 532 per
766 470 840 517 omnia
861 471 932 518 secula
952 484 990 515 an·

188 533 284 596 tiquiora
298 535 413 596 ingentem
429 535 558 593 utilitatem,
579 535 685 597 praebent
705 545 727 579 et
748 533 813 585 hodie
828 534 929 591 Graecis,
951 532 992 579 sub

191 597 298 645 servitute
308 599 461 659 gementibus,
474 599 513 646 bac
524 614 568 645 utra
578 596 698 660 praecipue
709 612 732 642 re
738 597 864 645 durantibus
875 598 932 645 inter
938 597 993 642 Mn-

190 661 354 709 lranrmedanos.
378 662 412 724 ζ)
447 665 568 717 Ceteram,
595 659 659 721 estate
678 658 751 718 fhrtes
772 665 793 707 r‘n
809 663 912 720 Damnat,
934 663 991 722 ejttt-

195 739 233 786 qne
250 726 337 770 uirtutis
355 727 437 770 talete:
454 726 533 769 e'taltrt'te
543 725 637 771 diuinam
654 732 798 781 armante-arn,
815 736 839 770 at
857 724 939 785 pnffitt's
956 725 996 774 ad,

192 784 306 848 graffiattet
317 784 424 848 ,sttstiaete
440 787 529 832 Diaboli
553 809 640 820 m...
664 794 687 830 at
704 785 789 848 adortst
805 797 894 848 tantopore
911 786 992 848 resiste-

192 866 227 907 te,
245 859 265 895 et
281 848 381 910 cernentis
397 852 491 896 atttttt'laes
502 848 577 912 flate,
593 843 687 907 poffitit:
699 847 759 910 state
775 852 842 910 igitar·
857 852 946 896 atltinlli
962 849 970 894 l
985 873 995 882 ν

197 924 244 960 teta
258 914 358 970 ueritate,
374 924 394 958 et
406 912 508 976 justitiae
524 911 701 967 terramtenus,
716 914 802 971 pet-ettae
815 916 915 973 calcearii
922 913 995 975 fitteri-

194 985 240 1024 'tate
256 977 362 1037 area-agelli
376 980 452 1037 pacit,
474 976 568 1038 andrentio
584 976 606 1019 r'n
619 976 694 1033 petens
710 978 778 1037 tlppen
789 977 856 1038 fidei,
872 994 909 1038 aaa
925 977 996 1022 taretia

193 1042 238 1087 tela
253 1040 306 1085 eratali
322 1040 380 1084 illias
397 1042 460 1101 igreea
477 1039 611 1102 restinguere
625 1040 736 1096 poteritis:
752 1041 808 1086 lreea
818 1040 898 1100 saltarit
910 1041 996 1102 galeata

193 1102 288 1168 franite,
305 1112 326 1148 et
341 1104 437 1164 gladium
453 1103 547 1163 Spitina
562 1102 647 1147 eatbam
662 1100 712 1145 Dei.
731 1099 767 1163 (b)
802 1103 879 1149 Sinone
893 1103 926 1149 illa
941 1115 997 1149 tem-

192 1182 249 1229 pora
270 1164 357 1226 longius
377 1177 414 1212 ant
434 1165 524 1227 propias
544 1180 557 1209 a
577 1160 649 1207 nostra
664 1169 848 1221 aerate'rernota,
870 1165 933 1210 anxie
949 1178 997 1211 non

192 1228 339 1292 inquiramus,
356 1228 393 1275 sed
408 1229 459 1274 Deo
474 1226 631 1289 relinqnannrs,
652 1224 690 1286 qni
704 1224 744 1272 sibi
759 1226 832 1273 satura
851 1225 884 1281 illa
900 1225 996 1274 reserva·

196 1292 242 1340 vit:
262 1290 379 1353 vigilemus
393 1306 434 1337 nos
449 1301 547 1346 tantam,
557 1301 587 1335 et
601 1287 623 1333 itl
639 1302 753 1346 caremus,
769 1301 807 1347 nt,
824 1305 874 1337 cunt
886 1290 1000 1338 Dominus

199 1354 327 1411 advenerit,
344 1368 395 1400 earn
410 1353 475 1416 digne
496 1352 647 1415 excipiamus,
666 1350 756 1414 ipseque
771 1368 810 1399 nos
830 1352 940 1401 invenerit
960 1369 998 1415 pa·

195 1432 262 1466 ratos.
297 1417 395 1475 Interea,
412 1418 433 1463 in
450 1416 546 1462 nostram
561 1413 747 1472 consolationem,
767 1415 846 1463 anirrris
861 1418 903 1464 alte
918 1416 998 1479 infiga-

195 1497 258 1538 mus,
274 1478 425 1527 adfflbbionem
441 1479 498 1526 illam
515 1479 564 1526 sore
579 1476 698 1524 brenilbmi
713 1479 832 1540 temporis,
849 1480 911 1527 etin
932 1481 998 1542 longe
1052 1505 1053 1509 =

195 1544 317 1594 maximam
337 1559 362 1588 ac
382 1555 512 1605 perpetuant
527 1540 696 1603 prosperitatem
711 1553 733 1587 et
748 1541 875 1590 felicitatem
890 1543 1000 1590 exituram

197 1607 257 1665 ess'e,
280 1620 323 1667 qna
343 1606 440 1653 Ecclesia
461 1604 542 1653 Cbristi
565 1609 632 1652 ornne
651 1618 722 1666 genus
746 1606 810 1652 bonis
825 1605 960 1653 terrestribus
976 1617 999 1652 et

195 1668 329 1717 coelestibus
350 1668 440 1731 copiose
457 1668 546 1716 adfluet.
580 1665 679 1714 Pastores
693 1668 782 1714 tandem
798 1669 938 1717 saluberrimo
955 1668 998 1717 Vi·

197 1734 283 1795 reingere
303 1731 391 1779 monito
411 1747 473 1778 aures
492 1733 622 1793 praebeant,
639 1744 736 1793 quocum
752 1730 806 1779 stent
825 1733 911 1795 incepi,
931 1732 962 1779 ita
977 1743 1000 1780 et

198 1795 288 1852 finiam,
305 1810 340 1843 unt
357 1811 406 1856 ergo
415 1795 465 1857 sais
482 1797 607 1856 renitentibus
624 1803 644 1839 et
660 1795 710 1840 latit
727 1796 807 1842 edocete
824 1796 936 1856 Ettlefiat
952 1794 998 1850 &a

198 1859 256 1917 Sed„
271 1870 296 1905 ut
312 1872 381 1905 ttntttn
397 1859 519 1905 alterumve
533 1858 656 1914 monitum,
672 1872 727 1919 pace
743 1858 856 1919 Ipsorum,
873 1859 959 1907 addam.
977 1875 999 1908 r.

199 1922 289 1971 Faciant
304 1919 356 1968 itud
371 1920 490 1983 sapienter,
513 1921 645 1984 prudenter,
662 1921 805 1982 tempestiue,
826 1933 849 1969 et
869 1922 949 1980 solide,
971 1936 1000 1969 ne

191 1985 309 2042 rudiores,
321 1995 357 2031 aut
367 1984 489 2033 aaronitas
498 1984 568 2045 tnagis
579 1999 643 2047 quam
653 1983 734 2030 rationi
744 1984 964 2043 litantes,abutantnr
974 1985 1001 2032 ad

199 2047 245 2104 sni.
262 2059 299 2093 ant
314 2046 373 2107 pacis
393 2047 449 2110 reip.
461 2061 484 2095 et
499 2047 610 2095 Ecclesiae
629 2047 831 2109 perturbationem,
847 2065 873 2097 ac
887 2049 1000 2099 damnum.

201 2126 224 2159 2.
241 2111 346 2157 Doceant
361 2109 422 2165 snos,
438 2111 495 2157 inter
511 2109 807 2159 Romano·Catltolicismnm
822 2127 844 2160 et
859 2112 1001 2160 Anticlrristi-
1057 2164 1059 2167 ¹

200 2173 311 2222 anismam
327 2171 396 2232 probe
412 2171 560 2233 distinguere,
583 2176 641 2220 illam
661 2173 750 2235 quidem
766 2175 874 2223 erroribus
889 2189 912 2223 et
926 2176 1001 2236 snper-

201 2236 290 2284 stitione
311 2233 355 2281 effe
376 2234 498 2293 insessum,
520 2233 556 2282 sed
572 2237 627 2282 lenae
642 2235 823 2293 abominabilem,
840 2240 899 2282 ¹illata
920 2236 1002 2283 miseri·

200 2298 289 2354 cordia,
305 2299 358 2345 straet
369 2297 421 2345 odio
433 2298 539 2361 dignum,
555 2299 582 2345 ab
597 2300 632 2345 r'lln
647 2306 737 2357 patant,
754 2299 780 2343 ab
795 2300 831 2345 leet
846 2299 940 2345 nrultnnr
956 2313 1008 2345 mo>

201 2362 323 2418 tuendum,
340 2363 397 2407 illins
413 2361 547 2424 professores
562 2377 587 2408 ac
603 2360 765 2419 observatores,
786 2363 853 2409 modo
874 2362 943 2410 fidem
963 2377 1001 2410 ve-

228 2495 266 2552 (ἃ)
282 2497 329 2543 Vr'd.
341 2500 409 2544 Snrith
422 2500 448 2543 de
459 2500 514 2545 stata
528 2501 631 2548 boclr'erno
640 2501 721 2547 nectes.
731 2501 809 2547 Graec„
821 2502 861 2559 (b)
873 2440 1002 2559 Ephesrssli
