2173 2960
338 192 373 244 De
396 195 520 244 Clrtmslert
541 173 696 257 Araricurrstts
866 210 913 258 199
973 202 993 210 ”“

107 372 149 405 nec
164 357 223 404 enim
239 350 310 402 omnis
325 350 446 399 haereticus
460 350 492 399 est
508 346 671 409 Antichristus,
695 363 738 396 nec
758 347 807 397 uice
827 353 908 414 versa,

108 421 159 470 sicet
174 418 222 483 quis
243 429 337 477 uterque
357 413 401 461 else
417 427 489 478 queat.
524 412 657 459 Haereticns
674 414 808 475 Tyrannum
823 417 894 465 induit

40 503 41 506 ¹
105 501 157 533 cum
172 486 217 531 suus
233 477 352 543 opiniones
368 476 413 524 aliis
428 492 468 539 per
484 478 517 524 sas
533 488 556 522 et
572 475 633 522 nefas
643 475 754 533 obtrudit,
771 475 822 523 alios
833 480 907 528 ardio-

106 548 163 596 ritati
183 546 233 593 suae
250 541 297 590 uult
314 538 437 602 assurgere,
454 539 548 586 aliorum
563 537 657 601 imperat
672 539 764 598 animis,
782 553 804 586 et
823 541 909 589 liberta-

104 611 122 658 ti
140 624 214 657 manus
230 604 315 667 injicit,
333 604 427 668 denique
440 601 488 649 illos
503 603 531 649 ob
545 600 662 649 dissensum
678 604 737 662 odit,
754 617 820 651 verat
837 617 859 650 et
870 622 908 652 oc-

103 673 165 720 cidit.
199 673 225 717 ln
242 666 397 730 Tyrannidem
413 666 485 730 vergit
501 666 666 713 baereticorum
676 681 761 725 coetus,
779 682 831 715 cum
848 669 908 719 salvo

98 736 202 791 honore,
214 731 277 780 saluis
293 730 368 789 bonis,
384 732 442 780 salua
453 732 499 778 vita
511 742 533 777 et
545 745 613 793 pace,
625 730 708 778 nemini
717 731 739 779 in
749 747 776 779 eo
793 731 910 782 dissentire

102 797 180 856 liceat,
196 812 249 844 cum
264 795 409 843 consessiones
425 810 503 843 eorum
518 793 601 842 faciem
617 795 744 855 praeferunt
763 796 851 859 legum,
873 813 908 846 ea·

103 877 196 925 rumque
212 859 264 909 diris
279 858 412 907 carminibus
427 858 566 907 sancitarum.
607 857 752 907 Haereticum
773 858 848 924 itaque
872 861 909 911 in·

66 921 67 924 ¹
103 939 170 974 teret
183 925 315 988 Tyrannum
331 922 425 982 videtis,
441 923 465 970 ni
480 922 557 981 fallor,
569 919 623 984 quid
640 922 717 970 distet:
734 923 792 970 unde
808 924 860 988 quid
871 924 905 973 in-

101 1003 135 1038 ter
152 985 314 1038 Antichristum
334 999 357 1034 et
377 986 516 1035 idololatram
537 986 566 1033 stt
582 983 708 1034 discriminis
723 985 759 1035 sua
774 987 823 1035 luce
842 989 907 1038 efful-

117 1065 146 1103 et.
473 1094 484 1112 ,

100 1070 155 1181 gg
171 1115 199 1163 X.
332 1111 366 1160 Sit
392 1114 467 1161 Roma
493 1110 615 1161 Christiana
640 1127 668 1160 eo
694 1110 756 1161 sensu
777 1116 907 1176 Haereticu,

100 1192 207 1243 qtratenus
222 1175 368 1226 fundamento
384 1176 488 1239 stipulam
502 1189 524 1224 et
540 1177 645 1235 foenum,
668 1187 690 1222 et
706 1176 746 1224 alia
765 1177 906 1240 superaedifi·
923 1213 924 1216 =

92 1256 150 1302 cat,
166 1241 243 1305 quibus
259 1256 337 1290 verum
353 1241 404 1288 illud
425 1240 447 1288 in
469 1240 587 1288 obscurum
607 1238 703 1287 mittitur
724 1252 747 1287 et
766 1241 907 1293 subvertitur,

101 1308 136 1353 Sit
147 1306 290 1363 idololatrias,
306 1303 512 1368 uelsnperstt'tt'osu,
528 1320 571 1367 qua
587 1316 673 1366 praeter
690 1304 765 1351 Deum
782 1306 865 1369 Angeli
885 1320 908 1355 et

100 1369 168 1419 sandi
182 1364 283 1432 religiose
298 1368 412 1426 coluntur,
429 1368 510 1431 idque,
526 1384 566 1430 per
583 1368 701 1431 imagines,
713 1383 803 1428 cruces,
820 1385 907 1432 panes,

101 1431 213 1496 reliquias,
230 1447 286 1495 quae
295 1431 420 1495 strperstirr'o
436 1432 507 1489 assidit,
524 1430 622 1478 inarime
637 1447 690 1478 curn
705 1447 772 1493 prora
788 1444 810 1479 et
826 1435 909 1497 puppis

100 1494 210 1558 religionis
220 1495 243 1543 in
254 1495 280 1541 iis
296 1496 430 1553 collocetur,
442 1507 464 1542 et
474 1495 571 1543 externis
581 1510 633 1543 curn
647 1494 724 1543 ritibus
738 1494 825 1545 interna
839 1498 909 1560 gratia

99 1558 218 1622 conjunsla
232 1558 341 1606 credatur.
377 1560 468 1606 Faciant
483 1558 515 1607 ibi
530 1558 554 1607 in
571 1562 641 1609 bonos
663 1574 736 1607 mores
757 1560 845 1621 publice
865 1560 908 1611 im-

100 1637 165 1686 petus
185 1621 237 1669 sitia
253 1638 335 1685 magno
351 1622 459 1669 comitatu
479 1620 606 1680 uenientia,
633 1622 744 1681 Simonia,
760 1624 905 1686 nundinatio,

100 1686 214 1748 spiritualis
223 1685 327 1744 auaritia,
338 1685 451 1747 superbia,
467 1687 542 1743 luxus,
560 1698 582 1732 et
592 1685 701 1735 libidines.
736 1686 800 1734 Nihil
811 1688 889 1735 storum
896 1726 904 1748 ,

100 1749 144 1797 sola
161 1748 272 1806 Turannis
294 1764 342 1796 eam
363 1749 558 1810 Antitluistiantrur
573 1748 634 1797 facit.
669 1750 788 1797 Haerefios
802 1750 903 1812 tespeslu

12 1807 15 1811 ’
77 1827 79 1830 ’
100 1803 247 1860 Anticbiillus
262 1812 396 1873 appelletur,
415 1826 453 1873 per
464 1825 501 1856 me
512 1810 574 1869 licet,
586 1810 789 1873 Pseudo-propbeta,
810 1812 902 1862 idolola-

99 1875 168 1923 tricae
182 1873 342 1936 superstitionis
358 1872 445 1922 ratione
464 1872 550 1932 habita,
572 1875 688 1935 Babylonis
705 1875 814 1922 emblema
830 1876 852 1923 ei
863 1893 903 1941 ap-

100 1951 172 1989 tetur,
197 1937 309 1984 Sodomae
334 1936 409 2000 imago
435 1935 495 1983 uitae
518 1936 670 1999 impuritatem
691 1938 802 2000 expurgat.
838 1942 902 1990 Solus

98 2001 229 2053 Attritis-isti
245 2000 333 2056 titulus,
350 2011 375 2045 ut
391 2001 487 2063 AEgypti
503 2012 526 2047 et
547 2000 631 2047 Bestiae
647 1999 767 2048 similitudo
796 2002 903 2066 Tprattrn·

99 2082 145 2114 turn
160 2062 259 2123 regimen
275 2075 298 2110 et
312 2062 436 2111 dominium
452 2062 564 2126 exprimit.

132 2129 152 2192 ᾗ.
169 2127 208 2174 XI.
324 2126 390 2187 Licet
410 2126 544 2174 sententiam
559 2128 589 2174 ita
603 2126 660 2173 mibi
671 2126 748 2173 uidear
765 2130 904 2194 explicuisse,

100 2191 124 2240 in
141 2207 185 2255 quo
202 2191 306 2238 basianus
320 2189 366 2247 sui,
381 2202 408 2236 ut
424 2190 486 2236 uobis
502 2189 525 2237 in
542 2205 590 2236 eam
607 2190 682 2252 pronis
697 2193 729 2237 uti
745 2191 822 2253 liceat,
846 2196 906 2260 (quis

99 2256 159 2305 enim
175 2253 219 2312 est,
235 2253 310 2317 quiin
326 2254 384 2300 hanc
402 2252 480 2301 dudlus
491 2253 665 2317 cogitationem,
682 2253 740 2301 inter
755 2257 905 2320 haereticum,

97 2318 234 2366 idololatrum
255 2320 278 2364 et
298 2316 461 2365 Anticbristtrm
478 2333 524 2365 non
546 2333 599 2364 ntor
619 2316 746 2377 distinguat,
769 2319 821 2379 nist,
844 2326 908 2387 qnod

99 2382 227 2441 absurdum,
243 2394 299 2445 quot
314 2381 449 2435 haereticos,
466 2381 591 2428 idololatras
601 2392 624 2426 et
634 2380 726 2441 impios,
737 2394 771 2429 tot
787 2387 840 2433 uelit
860 2389 905 2436 elle

98 2443 273 2505 Antichristos3)
291 2457 407 2501 attamen,
433 2443 449 2489 st
471 2446 507 2492 vel
532 2460 583 2492 mea
607 2443 794 2494 demonstratione
814 2451 905 2499 minime

97 2519 152 2566 opus
163 2505 269 2565 babeatis,
281 2522 318 2552 me
327 2505 407 2567 judicii
417 2506 460 2555 mei
470 2507 569 2555 rationes
580 2508 686 2570 explicare
693 2545 699 2566 ,
706 2513 824 2574 ne'quacso
836 2529 902 2573 aegre

257 2571 261 2575 ’
481 2572 549 2628 Bbr
811 2572 900 2642 seratis,
