2173 2960
346 202 349 205 ⁴
411 173 521 241 Traditio
538 160 659 239 Grattalit.
910 184 941 249 'ry

120 315 188 372 biens
209 328 232 363 v.
257 326 295 372 12,
318 325 356 373 13.
393 308 434 376 (6)
455 306 527 360 Nova
548 308 714 375 subjugatioa
735 307 844 357 Romanis
859 326 880 359 v.
900 323 938 369 14.

124 376 164 443 (7)
177 378 328 426 Luculentum
346 374 456 423 adventus
477 376 573 423 Melliae
594 372 727 438 promissum
744 375 799 436 Cap.
817 375 850 422 V:
870 390 938 435 1-f-3.

124 442 191 507 Quae
211 442 261 491 dein
283 434 449 503 subjunguntur
464 438 517 486 inde
533 454 546 486 a
561 455 584 488 v.
601 454 630 499 4,
647 440 762 502 pertinent
779 437 806 485 ad
824 439 942 499 Tempora

125 508 270 558 Maccabaica
284 503 425 563 illustranda,
447 503 476 551 de
492 502 571 566 quibus
587 501 683 551 stristim
699 514 787 551 tantum
804 515 887 567 egerat.

158 571 180 637 ς,
197 571 249 619 ΧΧ.
266 570 340 632 Pergo
357 568 384 616 ad
399 570 557 617 Habaliiliurn:
575 583 627 616 cuin
646 570 700 631 Cap.
717 568 735 617 i,
753 580 776 616 et
786 568 833 616 Helo
845 568 873 616 de
884 569 940 615 Cor=

126 635 234 700 ruptione
255 634 335 698 Populi
351 632 450 697 Judaiei,
468 634 557 696 Judicio
573 632 661 682 Divino
677 632 757 681 inillos
769 647 810 696 per
821 632 944 682 Chaldaeos

126 698 283 764 exsequendo,
301 715 326 746 ac
336 698 511 761 Babyloniorum
528 697 694 757 delliuslione‚
709 685 791 746 inseito
808 699 881 747 obiter
892 710 945 760 pro*

127 763 193 816 misso
204 763 313 824 Mediae,
325 763 416 827 egissem
433 763 485 811 dein
498 766 553 828 Cap.
570 765 637 812 iiiito
648 761 726 827 insigni
743 764 795 812 Ode
810 762 891 828 Populi
907 761 945 809 Li-

126 829 266 881 beratioiiem
282 844 295 876 a
311 828 437 889 Chaldaeis,
459 828 521 891 Syris
537 840 560 876 et
583 827 692 877 Romanis
712 828 867 890 praenunciat:
895 826 947 875 sunt

129 907 205 943 autem
222 894 271 958 ey'us
292 894 368 942 Partes
388 893 516 957 sequentes:
546 892 586 958 (i)
603 892 716 941 Liberatio
733 895 759 942 ab
775 894 850 942 Exilio
866 892 944 955 Babyl.

127 959 263 1024 proponitur
278 974 302 1007 ν.
321 961 367 1008 ado.
403 958 444 1024 (2)
454 958 584 1007 illustratur
600 972 629 1006 eii
646 957 816 1021 comparatione
837 972 890 1006 cuni
907 955 948 1020 ap?

127 1025 239 1089 punitione
259 1023 305 1071 Dei
325 1023 347 1070 in
375 1023 433 1070 Sinai
454 1023 550 1088 ejusque
574 1022 780 1086 consequentibus,
808 1039 831 1072 v.
850 1037 945 1085 gnati,

132 1088 173 1154 (3)
191 1086 311 1153 Specialius
327 1087 462 1151 proponitur
473 1088 578 1152 respectu
594 1086 691 1136 hostium
708 1087 909 1146 debellandorum
926 1098 950 1134 et

132 1153 225 1218 quidem
235 1153 412 1216 Babyloniorum
422 1169 445 1202 v.
460 1168 498 1214 12,
513 1168 551 1215 13.
568 1154 678 1215 Syrorum
690 1169 712 1201 v.
733 1166 771 1213 14.
788 1152 949 1200 Romanorum

129 1234 154 1267 v.
170 1231 206 1278 15.
220 1216 429 1281 quocumconserri
440 1229 540 1267 meretur
550 1217 595 1282 Jes.
608 1218 694 1266 XLIII:
711 1220 748 1265 16.
785 1215 825 1284 (a)
837 1217 949 1281 Epilogus

132 1283 279 1346 conplexos,
296 1297 315 1332 a.
329 1282 506 1332 commotionem
514 1301 521 1343 3
538 1284 560 1333 b.
572 1282 705 1333 Patientiam
716 1292 739 1329 et
751 1282 836 1345 Spein;
853 1297 873 1331 c.
890 1282 948 1330 Lae-

109 1343 201 1396 'titiam
213 1346 303 1409 pollet,
320 1364 343 1396 v.
358 1351 470 1413 adusque
480 1348 507 1397 ad
519 1348 597 1399 finem.
649 1357 650 1360 ’
953 1360 955 1362 ’

164 1412 185 1476 §.
202 1413 267 1461 XXI.
290 1412 375 1474 Finem
389 1412 486 1479 denique
500 1414 554 1462 huic
574 1413 716 1528 ffraslationi
729 1411 832 1463 Geiierali
847 1412 951 1478 imponat

132 1476 277 1526 celeberrima
285 1476 320 1525 illa
331 1477 396 1537 Ode,
413 1493 470 1544 quae
480 1478 572 1528 Dostor
589 1496 612 1529 m
627 1481 717 1545 ingenia
728 1478 794 1542 valde
805 1479 882 1539 torsit,
899 1493 951 1528 nec·

131 1541 186 1590 dum
198 1552 274 1589 tamen
290 1540 415 1603 intellesia³
432 1542 515 1609 Psalria
535 1546 607 1594 CVII
609 1551 620 1605 ,'
633 1546 661 1596 ad
671 1544 738 1609 cujus
753 1543 895 1592 intellectum
911 1544 951 1592 ob·

132 1605 253 1678 servanda:
277 1604 316 1673 (Ι)
333 1607 446 1657 Psalmum
462 1607 486 1658 iii
507 1609 582 1658 Exilio
603 1611 681 1674 Babyl.
697 1609 771 1658 videri
785 1608 953 1673 conscriptum,

131 1684 157 1719 ut
179 1685 208 1719 eit
223 1671 300 1730 initio,
321 1672 445 1737 praecipue
460 1690 484 1723 v.
502 1679 554 1734 nto,
571 1686 595 1723 et
611 1690 641 1724 eit
661 1676 707 1723 sine
723 1672 803 1723 Psalmi
817 1673 954 1737 praeceden-

131 1737 171 1795 tis,
188 1735 309 1801 praecipue
325 1754 348 1787 v.
364 1751 409 1799 47,
431 1737 507 1802 liquet.
544 1738 584 1842 (2)
601 1739 713 1804 Psilmum
736 1740 791 1788 Fata
811 1739 951 1801 sequentium

131 1811 264 1861 temporum
285 1802 399 1858 conplecti
421 1799 532 1859 usquead
552 1797 703 1858 penislimam
724 1800 836 1847 Ecclesiae
854 1814 952 1850 veiaea

132 1860 196 1911 falsa¹
210 1859 374 1922 separationem
398 1873 453 1905 cum
473 1858 540 1921 hujus
566 1859 719 1908 destitisiione
749 1862 854 1923 plenaria.
893 1865 955 1914 Tres

132 1924 288 1982 PsalmiCV,
305 1923 362 1973 CVI
378 1933 401 1970 et
417 1923 486 1972 Citii
502 1922 597 1972 omnino
613 1924 689 1973 secum
706 1924 841 1988 cohaerent,
863 1929 890 1977 ab
906 1945 956 1979 nno

134 1989 238 2041 Austore
253 1987 335 2037 eodem
349 1999 454 2051 tempore
464 1988 596 2053 compositi,
613 2002 639 2038 ut
650 2004 731 2039 eorum
741 1990 865 2040 Meditatio
876 2008 957 2044 unum-

134 2069 249 2121 quemque
259 2052 355 2118 docebit.
391 2054 452 2114 Cum
468 2064 545 2102 nutem
561 2053 649 2104 duobus
664 2055 852 2120 praecedentibus
869 2060 957 2109 benefi-

134 2121 169 2169 cia
185 2120 305 2183 praeterita
325 2116 349 2166 in
374 2117 471 2181 Judaeos
492 2118 570 2168 collata
587 2119 657 2185 usque
672 2121 700 2169 ad
716 2120 815 2170 Exilium
836 2124 958 2188 Babyloni·

135 2201 190 2234 cum
205 2183 276 2232 ess'ent
291 2182 413 2244 celebrata,
435 2182 581 2233 fundamenti·
594 2185 646 2235 loco
663 2201 688 2233 ea
704 2184 891 2249 substernuntur,
909 2192 958 2254 qui·

136 2252 176 2298 bus
197 2247 335 2313 exspestatio
355 2248 484 2300 futurarum
505 2249 666 2299 liberationum
683 2250 746 2299 inniti
766 2251 853 2316 posset,
870 2257 960 2319 cespes

135 2314 248 2363 Ecclesiae
264 2312 351 2371 sulciri3
368 2314 416 2362 Hic
431 2329 487 2377 ergo
502 2314 600 2364 Psaliiiiis
616 2315 730 2365 Beneficia
745 2317 791 2366 Dei
802 2318 825 2366 in
836 2320 961 2372 Ecclesiam
1005 2315 1007 2320 ’

136 2379 206 2446 usque
227 2380 254 2428 ad
274 2378 423 2443 plenissimam
444 2379 494 2442 ejus
510 2396 522 2428 a
539 2381 627 2445 Judaeis
650 2382 772 2431 carnalibus
795 2383 958 2448 separationem

136 2440 214 2486 ordine
229 2445 338 2495 recenset.
375 2442 415 2510 (1)
433 2444 549 2496 Liberatio
571 2447 598 2495 ab
621 2445 694 2494 Exilio
711 2447 789 2512 Babyl.
806 2461 830 2496 et
846 2451 960 2502 Reduclio

133 2505 160 2555 iii
177 2505 329 2569 Caniniam,
352 2527 375 2560 v.
395 2525 466 2572 1--·9.
503 2509 553 2625 (2)
563 2510 697 2563 Vindicatio
714 2513 741 2563 ab
758 2513 898 2629 lllilitlionq1
906 2518 961 2590 Epi-

866 2597 882 2645 p
900 2597 963 2638 amca
