2173 2960
193 189 238 227 220
413 173 484 223 Sumo
498 172 637 222 Academicus
653 175 767 224 Secundus.

131 339 133 343 '
192 333 221 392 ti,
238 347 282 395 quo
297 330 374 380 titulus
388 330 489 392 suprema
506 329 648 393 Imperatoris
663 330 795 380 aticlotitate
813 331 837 381 in
852 329 994 379 Bonifacltun

192 397 320 445 solemniter
343 395 374 456 est
389 393 514 452 translatus,
535 393 668 457 praestabit?
689 411 719 442 ne
738 412 797 445 nunc
811 395 897 454 dicam,
914 394 995 441 ncillam

194 459 250 524 fingi
266 459 328 525 polle
343 457 464 514 rationem,
481 473 536 520 quae
546 458 643 506 Plrocarn
658 457 686 506 ad
701 460 769 523 Papus
779 458 908 514 Patriarclris
919 457 995 505 Const.

195 523 367 589 praeferendum
382 536 473 570 movere
489 521 576 584 potuit,
592 537 633 569 nec
649 523 715 571 ullam
731 524 775 573 ell'e
794 526 919 588 prolatam,
940 535 998 584 quae

196 588 220 638 l'e
240 588 298 636 tueri
318 597 396 650 queat,
418 583 467 648 quis
489 585 626 633 Graecorum
648 588 695 648 ejus
716 588 747 635 rei
762 592 858 653 unquam
878 584 996 634 meminit?

200 653 258 700 cedo
279 652 314 700 vel
334 657 403 697 u'rrum
418 664 445 695 eu
456 649 539 696 Latinis
549 648 595 710 ejus
605 648 679 698 seculi.
712 651 782 699 Estne
798 668 825 701 err
834 650 898 715 Papis
907 650 998 713 sequen·

198 719 226 764 tis
247 713 355 776 temporis
377 710 466 775 aliquis,
488 711 526 774 qni
545 710 567 757 in
580 713 768 762 -contentionibus
788 717 816 763 de
835 717 1000 778 primumcum

200 777 348 828 Orientalibus
363 776 389 822 ud
404 777 448 821 hoc
463 774 577 822 decretum
592 777 744 836 provocavit?
760 778 862 838 Verum,
875 774 939 840 ‘quod
951 792 999 822 cer-

198 843 241 889 tius
257 840 321 897 ferit,
337 837 384 901 quis
399 849 452 884 ante
468 836 602 901 Gregorium
619 837 673 886 Vll.
690 839 739 887 Sec.
756 840 797 889 Xl.
819 857 847 888 eir
862 839 926 903 Papis
941 840 1001 885 hunc

198 905 287 954 rittrlum
303 902 384 966 geilit?
397 900 466 964 qnid?
482 901 541 966 quod
551 901 599 947 Leo
614 901 660 960 IX,
679 903 790 966 Gregorio
799 905 865 966 paulo
877 901 1001 966 antiquior,

199 968 314 1018 neminem
319 967 427 1029 Paparum
439 964 466 1011 ad
476 964 538 1013 suum
549 978 711 1029 usquetempus
722 982 749 1014 eo
755 966 880 1031 prorupisse
889 966 1003 1029 superbiae

199 1031 306 1089 testatur,
322 1042 346 1077 ut
361 1027 450 1092 reliquis
466 1028 534 1076 titulis
556 1028 614 1075 lrtrnc
626 1030 761 1093 adjunxerit:
779 1031 879 1089 accedit,
895 1030 1002 1095 succindi,

200 1102 251 1144 tum
266 1097 335 1157 Papas
356 1092 401 1140 sese
421 1107 492 1154 neque
510 1090 601 1154 judlall'e
620 1093 664 1140 lioc
684 1099 803 1157 tempore,
824 1095 854 1143 ne
869 1110 897 1142 ue
916 1093 1004 1141 habitos

200 1159 267 1209 tuine
282 1156 406 1220 Episcopos
421 1156 572 1212 Universales,
587 1156 625 1219 qui
635 1174 690 1216 rarii,
706 1157 772 1205 titulo
789 1111 922 1221 subjedlam
944 1171 1006 1205 exer-

201 1234 268 1280 cent3
284 1234 333 1268 tum
349 1218 479 1268 Patriarclris
495 1218 609 1267 Constant.
622 1233 644 1266 et
655 1221 735 1268 eodem
750 1220 827 1281 titulo,
839 1233 863 1269 ct
878 1221 955 1268 eadem
965 1237 1006 1285 po-

203 1286 298 1345 testate,
310 1282 374 1332 finisse
386 1282 483 1348 gavisos,
500 1299 526 1330 uc
537 1294 614 1342 antea,
631 1282 746 1346 utriusque
765 1283 833 1342 sedis,
855 1286 971 1333 Romanae
987 1295 1010 1332 et

203 1349 292 1408 Const,
304 1347 409 1410 dignitate
420 1359 442 1395 ct
457 1345 601 1406 aristonicum,
617 1346 665 1410 ipso
675 1347 719 1395 hoc
731 1348 780 1397 See.
794 1350 858 1409 VH,
875 1348 899 1396 in
914 1346 1008 1412 Synodo

209 1411 352 1480 Quini-lenta
365 1424 463 1475 aequata.
593 1444 595 1449 f
628 1435 629 1438 ¹
658 1429 660 1432 ’
870 1431 871 1434 ¹

241 1476 262 1541 q.
278 1476 319 1524 IX.
372 1472 374 1482 ⁴
433 1477 514 1538 Papus,
528 1475 583 1538 jugo
599 1474 741 1524 Graecorum
756 1477 858 1538 exculto,
868 1531 869 1536 ,
880 1489 903 1525 et
918 1478 1010 1538 Longo·

209 1540 330 1592 bardorum
345 1538 443 1587 dominio
460 1550 561 1600 ereptos,
582 1538 657 1587 cristas
673 1539 787 1602 progrell'u
802 1540 908 1605 temporis
929 1538 1012 1588 erexis-

207 1604 245 1665 se,
261 1604 357 1666 sibique,
373 1619 416 1664 qua
432 1600 512 1650 Clrrisli
527 1600 613 1650 vicariis
627 1602 717 1666 primis,
740 1602 774 1666 (et
789 1603 832 1652 hoc
847 1605 907 1655 enim
925 1617 1010 1651 nomen

208 1679 262 1718 cum
279 1668 326 1715 aliis
340 1666 457 1730 Episcopis
473 1665 597 1712 habuerunt
613 1667 759 1730 commune,)
770 1713 772 1717 ,
780 1667 923 1732 praecipuam
939 1681 1013 1714 rerum

208 1729 414 1782 Ecclefiasticarmn
436 1744 509 1777 cumin
529 1740 551 1774 et
566 1727 742 1788 ordinationem,
765 1745 817 1790 prae
837 1731 926 1795 reliquis
948 1730 1015 1777 totius

210 1794 277 1845 Orbis
288 1793 414 1857 Episcopis,
430 1790 558 1855 adrogaffe,
574 1806 665 1840 menon
676 1792 743 1851 latet,
758 1792 795 1840 sed
806 1809 850 1842 nec
864 1794 929 1851 illud;
946 1808 984 1841 eos
994 1804 1017 1840 et
1080 1807 1082 1812 ·

137 1912 139 1916 ,
210 1857 354 1923 Synodorum
370 1856 505 1918 generalium
524 1853 619 1903 decretis
645 1854 710 1903 {tuille
731 1855 857 1918 admittas,
879 1869 902 1905 et
916 1857 1017 1921 Regibus

209 1925 347 1972 Francorum
361 1920 434 1968 rrrrrltis
447 1921 519 1967 modis
529 1918 652 1979 obnoxios3
669 1913 748 1983 utpote
762 1935 834 1982 penes
849 1937 904 1985 quos
920 1933 966 1968 erat
981 1919 1015 1968 su·

211 2002 289 2051 prema
305 1983 402 2047 potestas
418 1998 514 2032 canones
529 1982 692 2031 Ecclesiasticos
713 1984 836 2042 condendi,
858 1985 961 2048 Synodos
977 1999 1016 2031 co·

211 2050 294 2112 genili,
310 2047 427 2095 elediones
447 2046 608 2110 Episcoporurn
628 2059 666 2095 aut
686 2046 782 2096 faciendi
803 2060 839 2096 aut
860 2045 1016 2096 confirnmncli.

180 2115 182 2120 '
212 2111 307 2163 b'uerint
320 2110 392 2171 itaque
406 2113 476 2170 Papae
493 2110 598 2174 Episcopi
618 2111 777 2170 Oecumenici,
802 2123 824 2159 et
845 2111 921 2162 vicarii
939 2111 1018 2171 Petri,

213 2192 256 2225 nec
272 2187 348 2222 tamen
365 2172 402 2217 soli
414 2182 567 2226 aut‘nnmen,
583 2186 620 2218 ant
634 2189 699 2228 rem,
715 2187 852 2232 tenuerunt;
873 2175 972 2238 ideoque
992 2189 1020 2220 eo

215 2255 261 2289 non
282 2236 352 2298 magis
372 2234 464 2281 nornine
483 2230 628 2289 Anticlrrilii,
649 2246 715 2293 qnam
740 2235 818 2297 reliqui
837 2238 975 2283 Patriarclrae
997 2244 1019 2280 et

216 2318 279 2364 seges
295 2301 439 2347 Francorum.
474 2294 593 2358 Agnosco,
615 2295 741 2357 postremo,
762 2311 791 2343 ne
806 2295 887 2360 aliquid
903 2296 1019 2357 reticeam,

217 2370 286 2428 Papus
302 2360 425 2410 dominium
441 2359 529 2424 aliquod
545 2360 679 2420 ternporale,
696 2370 721 2405 nt
734 2358 834 2417 dicitur,
852 2359 959 2408 uariarum
975 2372 1018 2408 tera

218 2443 293 2478 narium
314 2437 336 2473 et
358 2424 476 2488 regionum
498 2421 662 2485 pollellionibus
687 2437 729 2485 per
751 2421 856 2485 ‘Pipinum
878 2432 900 2470 et
920 2425 1022 2473 Carolum

182 2521 183 2524 ¹
216 2494 269 2559 ipsis
280 2489 397 2552 conscilia,
413 2486 548 2553 acquisrville
564 2488 613 2537 Sec.
626 2487 698 2547 Vlll,
709 2486 774 2546 imo,
785 2485 857 2548 sultis,
869 2487 922 2552 reip.
935 2489 1019 2538 Roma·
1032 2547 1038 2558 χ

980 2564 1022 2601 nil&
