2173 2960
234 173 280 219 280
458 164 531 213 Sermo
546 164 686 214 Academicus
701 163 806 233 Quartus.

233 316 352 371 minicanis
368 333 391 369 et
406 319 569 379 Franciscauis,
588 321 642 384 jam.
652 332 716 380 ante,
738 319 869 383 Capucinis,
886 331 909 369 et
923 321 945 370 in
962 319 1038 384 primis

233 384 334 451 Jesuitis,
351 386 402 433 Sec.
419 386 486 433 XVI.
499 384 559 433 ortis.
595 400 616 446 3;
628 385 654 431 ln
670 383 877 448 azumitate'Papali
895 384 957 433 ualde
973 384 1038 432 aubia

232 464 273 513 per
288 449 488 512 Irffullililirnrenr,
505 448 551 496 sedi
570 448 621 511 poll
636 449 752 512 Synodum
775 445 932 497 Tridentiuam
948 448 1040 495 demum

234 512 383 576 adscriptam,
399 525 422 559 et
437 513 544 575 deinceps
560 528 600 576 per
611 513 701 575 Jcsuitas
718 527 764 560 nou
780 524 866 559 tannim
882 511 954 561 valide
969 510 1040 560 adser-

234 591 295 635 tam,
311 576 348 624 sed
364 589 386 623 et
402 577 428 624 ad
442 577 582 641 'quaellioncs
591 577 666 638 falli,
682 592 729 625 uon
744 575 813 624 solum
824 579 895 640 ituit,
917 575 1037 639 extensam.

233 657 257 701 4.
281 641 339 690 Cleri
361 641 458 689 inmeula
478 639 632 696 multitudine,
655 642 768 700 potentia,
791 652 813 687 et
833 638 1010 704 independeutia'
1028 653 1040 686 a

233 704 346 768 potestate
361 704 463 761 seculari,
480 717 523 749 nec
538 715 586 749 uon
601 700 684 749 diuitiis
701 715 723 748 et
743 702 829 764 opibus.
874 720 896 763 5,
913 706 1002 767 Regum
1012 712 1040 748 ,ct

233 767 362 829 Principum
378 766 438 813 arcia
454 780 506 811 cum
521 779 547 811 ea
562 763 614 812 sede
628 763 801 826 conjunctione,
817 765 864 819 live
878 767 981 828 politica,
993 766 1040 812 sive

234 828 339 892 religiosa.
375 832 396 876 6.
408 826 488 890 Populi
502 826 629 892 ignorantia
643 839 666 874 et
682 827 803 876 devotione
818 827 977 892 superstitiosa,
989 842 1038 875 om-

233 895 256 942 ni
270 892 339 940 modo
354 892 429 941 foveri
444 891 513 939 solita.
549 905 570 952 7.
586 891 691 954 Denique
704 890 728 939 in
743 891 844 954 singulari
860 894 948 941 latitate
964 908 989 940 ac
1004 890 1038 939 in·

232 956 348 1019 dulgentia
363 971 415 1018 erga
429 955 530 1002 membra
545 954 657 1002 Ecclesiae
671 954 734 1013 suae,
750 955 788 1003 sed
803 955 923 1004 severitate
934 972 985 1020 erga
1001 970 1039 1002 eu·

233 1021 344 1084 angelicos
359 1031 382 1067 et
396 1019 528 1068 haereticos.
563 1020 675 1066 Fruuntur
696 1017 800 1073 enimin
820 1035 846 1066 ea
861 1019 978 1079 societate,
1000 1019 1041 1066 bac

233 1085 299 1133 etiarn
315 1094 378 1147 parte
398 1081 489 1146 reliquis
508 1081 650 1129 societatibus
671 1082 829 1144 prudentiore,
848 1083 921 1131 dicam
941 1081 1040 1142 auastu·

233 1149 305 1206 tiore,
321 1146 480 1211 multiplicibus
492 1143 665 1207 praerogativis,
681 1160 737 1207 quae
753 1145 885 1204 ambitioni,
901 1145 1006 1204 auaritiae
1021 1157 1043 1193 et

157 1230 158 1234 ¹
233 1210 331 1270 libidini,
348 1210 439 1269 favent,
456 1208 516 1257 facili
531 1223 619 1271 quoque
633 1207 725 1255 salutem
741 1208 892 1271 consequendi
904 1209 944 1258 uia
958 1224 998 1273 per
1013 1209 1054 1271 fi·-

214 1276 286 1325 ‘dem
300 1273 423 1336 inplicitum
438 1283 461 1319 et
475 1286 580 1329 coccam,
600 1286 641 1334 per
660 1270 731 1330 ritus,
754 1272 909 1333 Sacramenta,
924 1272 1040 1336 indulgeu-

232 1340 289 1397 tias,
305 1336 463 1385 satisfactiones
478 1334 583 1393 aliorum,
599 1334 765 1398 purgatorium,
782 1346 804 1382 et
813 1349 927 1398 praeterea
940 1339 1040 1384 liberante

234 1400 342 1451 sentiendi
358 1398 501 1458 omnimoda,
518 1410 541 1446 et
551 1399 654 1462 loquendi
670 1414 763 1462 magna,
779 1400 848 1447 modo
863 1401 945 1463 Papam
955 1412 978 1448 et
988 1401 1041 1448 Ma-

235 1478 293 1514 trem
309 1462 430 1512 Ecclesiam
444 1463 521 1510 debite
537 1474 684 1522 venerentur,
701 1477 743 1510 nec
763 1462 847 1526 affluit
862 1462 951 1527 penitus
967 1463 1042 1527 negli-

235 1540 298 1593 gant.
332 1527 402 1575 Unde
418 1525 462 1586 est,
474 1526 534 1589 quod
549 1525 679 1589 multiplices
689 1524 747 1573 inter
757 1528 857 1575 membra
866 1528 913 1590 ejus
929 1527 1042 1576 dill'ensro-

233 1608 274 1641 nes
290 1590 500 1654 er‘disputationes,
517 1601 601 1653 quanto
617 1589 684 1637 etiam
694 1588 818 1638 animorum
829 1589 920 1640 feruore
935 1591 1042 1654 agitatae,

236 1657 355 1719 {clusuram
370 1654 494 1717 producant
505 1654 587 1720 nulla,
597 1668 640 1701 nec
655 1653 719 1716 saepe
735 1669 747 1700 a
760 1654 823 1718 Papis
838 1666 877 1701 aut
892 1655 989 1717 Synodis
1003 1655 1041 1703 de-

230 1713 343 1768 cidantur.
379 1716 443 1782 Quae
458 1716 571 1778 singularis
588 1717 635 1779 ejus
650 1720 736 1774 sanitas,
757 1716 845 1780 semper
860 1718 931 1778 salva,
947 1719 1042 1768 multum

233 1783 325 1830 adeam
341 1780 473 1828 firmandam
490 1780 551 1829 facit.
570 1779 686 1828 Haeretici
702 1796 770 1841 vero,
784 1781 818 1828 uel
830 1796 920 1840 omnes,
937 1782 1043 1846 quiscilia-

235 1850 254 1894 τὶ
265 1844 387 1906 Euclides,
403 1842 441 1891 seu
455 1845 522 1907 Cleri,
540 1842 694 1903 adversantur,
712 1860 754 1892 uec
769 1843 862 1902 Divini,
879 1846 1040 1907 mechliniam,
1059 1849 1061 1853 ’

230 1909 287 1974 juris
298 1908 371 1956 habita
382 1906 481 1966 ratione,
497 1906 645 1956 inhumaniter
661 1919 683 1954 et
693 1908 812 1956 crudeliter
822 1923 863 1972 per
874 1923 983 1969 carcerem,
996 1910 1042 1958 exi-

233 1974 275 2032 lia,
291 1971 420 2029 infamiam,
433 1971 605 2019 cormac-<itiones
617 1974 739 2031 bonorum,
752 1984 876 2031 tormenta,
888 1972 983 2036 denique
992 1974 1042 2039 sup·

235 2036 300 2098 plicia
316 2036 426 2097 capitalia,
442 2035 576 2083 tradantur:
593 2034 677 2083 curtulis
694 2050 750 2083 vero
764 2048 836 2084 metus
858 2051 896 2098 per
911 2035 1043 2087 diabolicum

233 2098 287 2147 illud
313 2097 453 2159 irzqttidrlonls
478 2100 575 2147 tribuual
598 2100 707 2156 incutitur.
746 2101 885 2148 Vulneraruaz
899 2099 975 2163 itaque
993 2102 1042 2165 qui-

189 2212 194 2221 ,
233 2162 285 2210 dem
301 2159 335 2207 est
352 2169 416 2221 captu
431 2172 495 2205 atrium
510 2162 601 2221 bestiae,
619 2175 641 2208 et
661 2178 744 2210 corona
760 2163 840 2225 papalia
861 2165 982 2223 conculla,
1003 2180 1042 2225 per

234 2221 500 2281 Rel01·mationem‚sed
521 2222 573 2269 illud
585 2224 702 2284 satiatura,
730 2237 752 2269 et
774 2226 828 2269 baec
846 2225 1043 2288 firmiusquoque

232 2287 326 2338 stabilita
347 2284 392 2333 est:
413 2285 445 2333 uti
466 2285 511 2347 ap.
534 2286 599 2333 Xlll:
625 2301 646 2347 3.
670 2284 809 2345 praedictum
830 2285 868 2332 est.
913 2287 1040 2351 Euangelici
1077 2296 1079 2302 ⁴

234 2354 309 2413 itaque
324 2365 365 2413 pro
381 2348 544 2408 Schismaticis,
561 2346 676 2412 apostatis,
693 2359 715 2395 et
731 2345 845 2399 rebellibus
856 2364 881 2395 ea
900 2348 923 2396 in
937 2349 1042 2400 societate

233 2413 316 2468 habiti,
338 2428 383 2460 non
406 2412 495 2477 poliunt
516 2428 562 2461 non
579 2413 669 2476 quaevis
684 2412 740 2460 rutila
756 2412 795 2460 fibi
810 2413 918 2474 augurari.
951 2418 953 2426 ⁴

243 2498 245 2501 v
263 2478 285 2544 p.
302 2477 393 2527 XXIII.
472 2477 520 2547 Qui
535 2489 609 2527 metus
624 2476 682 2528 haud
698 2492 782 2541 parum-
792 2490 813 2525 2.
825 2476 916 2539 crescit,
931 2493 971 2543 per
985 2480 1043 2530 Pon-

255 2545 257 2549 ’
328 2548 331 2556 ’
837 2563 838 2568 ’
977 2542 1052 2592 tificio
