2173 2960
200 205 234 251 De
246 177 354 260 Periculo,
365 196 467 260 Ecclefiis
478 195 645 262 Proteslourituu
655 212 669 243 a
679 196 792 258 Papiriae,
804 193 851 251 &e
875 198 921 245 281

119 358 239 408 tificiorum
252 356 277 412 ,in
292 353 368 403 medio
383 355 556 404 Protestantinm
572 349 703 400 immensam
714 347 810 412 copiam.
844 351 925 419 Longe

119 423 238 472 maximam
257 419 318 467 enim
338 418 440 481 Europae
460 431 546 481 partem
562 432 607 463 non
623 427 710 461 tautum
726 412 923 483 retinuerunt,rn

119 495 162 549 q'ua
181 482 393 537 soli'dominantur,
419 494 444 528 ut
470 480 539 527 modo
560 477 650 535 notavi,
671 475 708 523 sed
729 487 752 522 et
772 489 794 521 in
814 475 865 537 ipsis
885 476 929 522 rllrs„

118 548 261 612 regionibus,
291 542 421 605 inquibus
451 539 573 603 euangelici
604 539 684 601 primas
716 544 807 596 tenent,
839 536 937 584 manse?

53 658 56 661 .
84 658 85 661 ,
118 624 183 669 runt,
200 623 221 657 et
237 609 317 654 statum
332 606 407 664 sutrin,
430 606 515 668 majore
536 602 588 650 licet
603 601 719 649 minoreve
735 616 787 648 cum
808 600 924 659 libertate,

120 673 246 722 constanter
268 682 370 726 tuentum
398 668 431 716 uti
451 669 474 716 in
500 665 623 724 Britannia,
639 664 729 727 Belgio,
745 664 856 734 borussiae
877 678 926 726 reg-

121 752 162 794 no,
174 747 196 782 et
207 734 252 782 aliis
261 732 399 796 regionibus,
410 732 433 780 in·
444 733 507 795 spem
517 742 596 778 contra
606 728 687 786 eresti,
705 740 728 775 et
744 742 822 775 omnes
843 727 926 774 intenti

120 798 257 856 occasiones,
266 809 366 859 veterum
372 795 526 859 possessionum
533 792 732 856 recuperandorum
739 828 745 848 ,
753 791 865 854 adeoque,
878 806 925 838 non

119 862 218 911 obstante
233 859 295 909 unius
310 859 405 907 ciuitatis
420 859 525 916 vinculo,
543 857 620 921 passim
635 854 826 921 irreconciliabiles
847 867 869 901 et
886 870 924 901 oc·
958 880 960 885 f

120 927 173 974 culti
188 941 266 972 corum
282 924 366 980 hostes,
383 923 454 986 quoad
470 921 616 984 religionem,
634 936 646 967 a
660 917 792 981 peregrino,
809 929 832 964 et
852 917 923 965 resor-

119 989 185 1036 matis
194 987 335 1035 infensissimo
352 985 467 1042 Domino,
489 987 578 1032 Romae
592 981 714 1040 residente,
731 980 773 1028 toti
788 980 929 1044 pendentes,

120 1065 142 1099 et
163 1052 189 1099 ad
203 1050 259 1113 jussa
280 1051 325 1110 ejus
346 1048 475 1109 praestanda
490 1062 530 1108 per
552 1045 710 1093 conscientiam
732 1043 824 1106 obligati
845 1048 924 1106 parati-

122 1130 173 1177 que.
207 1112 335 1168 Sberlocus,
354 1109 389 1173 (a)
406 1121 431 1156 ut
446 1109 513 1156 unius
530 1119 617 1154 tantum
637 1107 777 1154 mentionem
792 1105 815 1154 in
837 1122 861 1154 re
877 1107 933 1156 satis.

122 1189 175 1224 nota
194 1173 293 1231 faciam,
314 1189 388 1220 coram
410 1172 479 1220 dorno
497 1173 640 1219 Courrnruzitun
656 1171 798 1217 concionatus
814 1186 833 1218 a.
853 1176 924 1230 1635.

118 1239 246 1288 adseverare
271 1252 317 1284 non
342 1236 384 1284 suit
405 1235 500 1294 veritus,
522 1233 593 1297 fmffl
614 1235 696 1295 quidem
712 1234 791 1296 aliqum
813 1236 925 1296 aliquanda

121 1301 223 1365 Papisius
235 1304 295 1348 bonor
311 1302 380 1360 curer,
401 1310 421 1345 rt
444 1298 483 1361 affe
502 1298 571 1362 peffe,
588 1297 714 1346 aucarum
726 1296 753 1360 se
769 1296 820 1359 effe,
835 1298 925 1362 papisti-

119 1382 165 1413 catu
181 1367 301 1426 religionem
320 1379 360 1411 nou
381 1365 451 1411 docere
462 1363 606 1425 fidelitatem,
624 1377 660 1408 trec
682 1371 748 1408 certos
763 1376 802 1412 >nor
819 1360 857 1423 effe
871 1362 929 1423 poffe.

118 1430 226 1475 derorum
243 1427 363 1490 fidelitate,
380 1440 464 1488 quorum
486 1427 562 1489 religio
584 1425 672 1487 quodum
693 1424 743 1488 casu
759 1425 818 1471 closer
834 1428 927 1473 rebellio·

117 1506 171 1539 alerii.
204 1493 285 1539 Ferant
300 1488 374 1552 itaque
389 1488 538 1537 Protellantes
552 1488 575 1535 in
591 1487 666 1535 medio
677 1485 709 1535 sui
719 1486 863 1547 Pontificios,
881 1504 925 1537 nec

119 1569 196 1601 eorum
205 1551 316 1615 religionis
327 1552 459 1600 exercitium
474 1552 610 1615 impediant,
622 1551 764 1615 tradentque
774 1567 812 1598 eos
823 1563 926 1616 tanquam

120 1616 192 1675 cives,
213 1632 260 1663 non
281 1616 365 1675 abnuo,
386 1615 441 1681 quin
458 1616 536 1679 laudo,
559 1630 605 1662 cnm
626 1631 643 1669 u
666 1614 705 1663 suo
722 1616 826 1678 exemplo
842 1631 879 1663 eos
896 1620 925 1663 ci·

118 1682 180 1728 aileu
195 1678 217 1726 in
232 1694 257 1725 re
272 1678 384 1742 religionis
399 1678 554 1737 tolerantiam,
569 1678 614 1741 jori
631 1677 707 1726 diuino
723 1690 746 1725 et
761 1679 858 1726 humano
869 1695 925 1730 con-

118 1757 214 1804 gruam,
231 1742 337 1801 doceant,
353 1742 508 1804 principiaque
524 1742 700 1790 Antichristuna
715 1741 767 1805 ipsas
786 1741 927 1790 detestationi

119 1804 163 1851 esse
189 1804 305 1862 efficiant,
326 1816 371 1852 tritu
397 1816 422 1852 ut
448 1806 533 1853 animos
560 1820 638 1853 eorum
663 1804 703 1852 sibi
727 1817 750 1852 et
775 1804 872 1865 civitati,
888 1807 926 1854 ubi

119 1867 214 1930 degunt,
231 1868 380 1929 devinciant,
393 1868 448 1916 adeo
469 1876 506 1928 tat,
528 1884 569 1932 per
591 1881 637 1916 tam
656 1867 734 1915 mitem
751 1880 773 1915 et
794 1869 927 1931 benevolam

112 1931 299 1992 gubernationem
315 1932 380 1979 etiam
395 1933 506 1994 permoti,
522 1931 635 1994 religionis
645 1931 697 1983 suae
707 1930 828 1990 exercitio,
845 1948 870 1981 ac
880 1934 924 1980 sla-

120 2006 156 2040 rus
171 1992 203 2040 sui
217 1994 343 2053 securitate,
360 1995 472 2052 contenti,
493 2010 572 2057 pacem
593 2010 619 2043 ac
633 1994 805 2058 prosperitatem
820 1996 879 2044 istius
896 1998 930 2045 ci·-

119 2056 194 2104 vitatis
209 2068 327 2120 quaerant,
348 2057 403 2105 sicut
425 2058 515 2119 Judaeis
535 2059 571 2107 vel
591 2058 615 2107 in
636 2057 703 2106 exilio
722 2059 860 2120 Babylonico
881 2072 932 2108 tam

117 2119 187 2177 serio,
208 2119 299 2167 nomine
319 2119 378 2179 Dei,
398 2120 495 2184 injunxit
517 2123 624 2185 Jeremias
645 2137 696 2183 cap.
717 2123 784 2169 XIX.
802 2138 845 2170 nec
866 2139 927 2171 aures

121 2184 243 2230 rebellionis
261 2182 392 2243 suasoribus,
406 2196 530 2246 ,praetextu
546 2183 673 2247 religionis,
685 2186 815 2247 praebeant,
833 2186 930 2233 Domini
990 2243 993 2246 ἱ

120 2246 220 2305 monito,
233 2245 318 2293 Caesari
334 2263 389 2309 quae
404 2247 513 2305 Caesaris,
531 2249 583 2295 Deo
594 2262 650 2309 quae
665 2248 710 2293 Dei
725 2246 788 2303 sunt,
806 2248 877 2295 danda
894 2264 928 2297 es-

121 2310 157 2369 se,
171 2310 352 2357 obsecundantes.
388 2312 476 2369 lnterea
492 2311 514 2358 id
530 2311 605 2359 sedulo
623 2324 713 2371 operam
734 2308 786 2356 dent
802 2312 929 2362 Proteslan-

122 2382 167 2427 tes,
182 2385 207 2419 ut
222 2374 281 2419 intra
301 2372 379 2418 limites
400 2373 451 2420 suos
471 2374 494 2420 se
516 2374 657 2431 contineant,
673 2382 696 2418 et
717 2371 787 2437 siqui
803 2371 931 2426 seditiosum

121 2432 231 2490 animum,
253 2434 326 2481 verbis
347 2446 383 2480 aut
404 2434 482 2494 fastis,
499 2438 647 2498 patefaciant,
663 2434 741 2486 serere
764 2453 927 2499 coerceantur,

438 2533 440 2537 -
510 2501 557 2547 Nn
900 2501 932 2553 nel

150 2571 184 2626 (a)
198 2570 221 2616 la
234 2574 351 2621 continuat.
363 2577 444 2628 Hornii
453 2577 508 2630 Hist,
517 2578 599 2629 Ecclss.
611 2592 632 2643 p.
641 2590 690 2640 720»,
