2173 2960
150 185 180 236 34
386 140 641 232 Metliocil‚Pt·oplietirae'
652 169 708 219 Part
725 143 747 218 J}

148 286 322 346 Monarcliicum
343 287 468 352 Regimen,
490 301 555 350 quam
575 289 741 352 corruptionem
762 285 853 350 Populi,
866 282 897 334 'et
918 301 958 338 no·

149 352 203 403 ¹vain
213 352 406 415 subjugationem,
422 366 477 399 mox
488 351 619 400 videbimus.

126 463 134 471 „
183 417 205 482 §.
222 418 273 465 XL.
382 416 403 464 d.
420 415 525 464 Tandem
540 415 568 463 acl
583 415 766 479 Prophetarum,
782 431 837 479 quae
853 415 881 462 de
896 417 956 464 Peri·

149 481 195 531 odo
207 480 352 528 Maccabaica
363 491 442 543 agunt,
459 480 578 528 meliorem.
586 479 722 527 intelleslum
733 477 908 539 obseruandum,
924 479 960 528 illa

150 547 269 607 Tempora
293 544 414 605 imaginem
436 543 547 607 praescire
568 542 663 590 duorum
685 543 827 607 X'eiiiporuiii
849 544 961 591 OEcoiio·
1013 557 1015 560 ·

153 610 213 658 tiriae
224 609 320 663 Nouae,
337 606 519 668 Apostolicorum
530 605 624 663 scilicet,
637 619 664 655 et,
672 604 782 654 Ecclesiae
792 606 862 655 ultimi
873 620 959 667 tempo·

151 674 194 732 ris,
211 686 266 734 quae
282 668 332 730 post
349 669 441 716 similem
453 670 534 717 lutiam
545 668 696 731 gloriosilsime
706 670 803 719 lloiebit.
839 670 901 719 Hinc
912 669 958 730 ella,

152 734 212 799 quod
223 732 368 794 Proplictiae,
388 733 416 780 de
426 731 573 780 Maccabaicis
581 731 731 794 Temporibus
739 734 860 796 magnifice
869 735 960 798 loquen-

149 811 196 857 tes,
212 795 324 844 summum
335 796 506 858 implementum
522 795 640 858 partimin
656 795 753 842 Ecclesia
763 796 891 859 Apostolica
907 813 960 845 cori-

150 862 240 912 secutae
256 858 310 916 sint,
327 861 449 921 partimin
465 875 490 907 ea
506 859 576 906 ultimi
587 857 692 920 temporis
704 858 872 923 consequemur.
907 859 961 923 Quo

151 923 262 989 pertinet,
283 922 405 970 Ecclesiam
422 922 590 971 Maccabaicam
605 921 738 969 considerari
753 922 902 971 ut'Piimitias
917 926 961 971 Ec-

150 989 229 1039 clesiae
249 985 399 1044 Clriillianae3
426 999 451 1047 ut
466 988 526 1035 Dan·
542 987 573 1034 it:
590 985 628 1034 ubi
642 987 709 1049 Lapis
726 986 825 1034 cresccre
841 986 921 1034 dicitur·
937 983 970 1036 in'

152 1054 275 1101 Montem:
302 1062 325 1097 et
345 1050 441 1097 Melitae
461 1050 570 1115 aduentus
591 1064 680 1113 quoquc
706 1049 770 1112 saepe
791 1066 843 1098 cum
864 1051 962 1112 Ecclesia

151 1114 300 1165 Maccabaica
317 1113 420 1161 conneoli
436 1112 506 1172 solet3
523 1125 547 1160 ut
563 1112 619 1161 Hos.
637 1114 667 1160 it:
686 1129 707 1174 3,
727 1129 754 1163 11
767 1114 789 1161 iii
805 1115 862 1173 fine,
879 1115 960 1179 Obadj,

152 1197 175 1230 v.
194 1195 232 1227 ui.
267 1178 301 1225 Eo
317 1189 340 1225 et
355 1176 464 1241 pertinet,
486 1176 547 1240 quod
562 1178 669 1239 Regnum
685 1176 731 1224 Dei
746 1176 768 1225 iii
783 1178 880 1226 Ecclesia
896 1179 962 1226 Mac·

151 1243 240 1292 cabaica
260 1253 375 1289 aeternum
396 1241 529 1303 appelletur,
552 1241 625 1288 Micl.
648 1239 693 1289 IV:
717 1255 738 1301 7.
776 1241 846 1304 Zeph.
863 1244 905 1290 lll:
925 1257 962 1303 17.

155 1310 267 1367 Interprcs
277 1304 343 1368 igitur
353 1305 414 1353 hunc
430 1303 577 1366 conspesium
588 1302 699 1355 Ecclesiae
710 1304 866 1353 Maccabaicae
877 1306 963 1368 semper

155 1373 179 1419 iii
195 1369 263 1417 oculis
281 1369 361 1418 habere
377 1369 450 1417 debet.
485 1367 570 1431 Siquis
592 1368 645 1415 uelit
665 1367 773 1429 Exempla
794 1369 963 1432 Proplietiarum

153 1435 182 1482 de
203 1432 300 1480 Ecclesia
320 1431 464 1480 Maccabaica
479 1446 532 1478 cum
553 1430 682 1494 Apostolica
703 1446 817 1489 connexa,
844 1434 902 1495 legat
919 1431 963 1495 Jes.

155 1498 232 1546 XXX:
249 1495 300 1543 iride
311 1512 323 1544 a
334 1512 357 1544 u.
377 1511 412 1555 19.
429 1493 475 1542 &c
489 1494 537 1542 coll.
555 1494 621 1542 Zacli.
639 1494 667 1541 X:
686 1510 697 1542 1
705 1494 763 1558 seqq.
799 1495 868 1560 Quod
879 1497 963 1558 adpos-

152 1562 259 1609 teriorem
279 1558 438 1619 conspestuin,
465 1558 512 1606 uid.
531 1558 584 1620 'Jes
610 1557 673 1605 LIX:
698 1572 735 1618 15.
755 1558 841 1607 LXIH:
866 1575 886 1606 1.
903 1559 963 1624 seqq.

155 1624 220 1673 cons.
244 1621 289 1685 Jes.
305 1623 386 1680 XXV,
403 1622 494 1678 XXVI,
511 1622 613 1669 XXVII.

157 1688 203 1752 ‚pi
220 1687 283 1733 XLI.
382 1689 407 1733 ti.
425 1684 530 1743 Sequitur
539 1687 641 1731 Pei'r'odii'r
659 1681 713 1731 Vis.
726 1691 781 1744 quae
792 1685 818 1731 ab
835 1686 904 1733 tilieto
915 1699 964 1743 par-

150 1763 174 1799 te
190 1765 272 1799 novam
290 1759 313 1795 ct
330 1748 441 1795 summam
456 1744 537 1805 Populi
549 1746 716 1806 corruptionem
729 1760 755 1788 ac
765 1761 848 1793 nouam
860 1747 963 1807 subjuga-

151 1815 237 1869 tionem
249 1828 262 1860 a
273 1812 383 1859 Romanis
398 1807 569 1869 complectitum
585 1808 612 1854 ab
623 1809 693 1854 altero
704 1805 840 1855 credentium
851 1808 873 1857 in
885 1809 963 1856 Melll·
1023 1854 1024 1857 ,

153 1895 192 1926 am
201 1874 368 1924 manifestatum
378 1871 531 1918 liberationem
543 1885 569 1918 ac
580 1871 721 1929 felicitatem,
735 1880 758 1915 et
768 1869 931 1919 incredulorum
943 1884 965 1919 et

152 1941 221 1988 totius
237 1936 317 1998 Populi
334 1933 457 1998 plenarium
480 1933 591 1982 excidium
612 1950 652 1998 per
674 1935 802 1992 Romanos,
825 1947 847 1981 et
864 1934 963 1997 repudia-

153 2006 240 2051 tionem
251 2000 340 2056 aDeo,
356 2011 463 2044 unacum
475 1996 634 2046 OEcoiiomiae
644 1996 735 2046 Veteris
746 1997 798 2045 fine.
834 1999 898 2046 Vero
910 2012 964 2060 ergo

87 2074 90 2078 ’
152 2067 195 2116 suo
210 2062 332 2126 conspcslu
353 2060 408 2107 haec
423 2059 528 2106 Perioclus
545 2061 576 2107 eli
592 2063 733 2121 Praeparati'o
743 2072 792 2107 tum
803 2061 829 2108 acl
841 2060 918 2124 Populi
929 2076 963 2107 re-

151 2130 276 2195 jeslioiiein
289 2141 314 2173 ac
326 2121 519 2180 destititlioiieni,-
529 2133 550 2168 et
563 2123 722 2170 OEcoiiomiac
737 2122 762 2170 V
764 2135 792 2171 et.
809 2123 964 2183 abolitionem3

153 2210 203 2243 tum
220 2192 246 2240 ad
263 2187 374 2239 Ecclesiae
390 2185 469 2233 Christi
485 2184 628 2234 ereclioaem.
663 2185 700 2232 Ad
711 2185 807 2248 priorem
819 2189 964 2251 conspectum

153 2257 252 2323 pertinet
272 2252 378 2302 Desesiio
400 2250 472 2298 totalis
487 2250 567 2313 Populi
582 2267 594 2297 a
610 2250 663 2298 Deo
681 2260 703 2296 et
719 2263 772 2297 vera
788 2251 919 2316 Religione,
942 2263 964 2299 et

152 2319 263 2386 subjeslio
280 2316 394 2380 Romanis.
735 2332 737 2335 ’
822 2342 834 2368 a
914 2317 915 2320 ’

136 2398 139 2402 ⁴
386 2396 405 2427 a.
422 2380 460 2427 De
481 2393 541 2428 nota
562 2377 721 2440 Subjugationc
748 2378 881 2428 luculentum
903 2391 964 2428 extat

150 2450 290 2504 Vaticiniom
306 2444 379 2497 Mich.
393 2445 437 2494 IV:
452 2458 488 2504 14.
506 2443 566 2508 quod
576 2443 624 2493 ficri
636 2443 711 2507 coepit
729 2452 830 2508 tempore
845 2443 965 2506 Pompeji3
1026 2453 1027 2457 ¹

941 2515 965 2552 ils
1043 2543 1044 2546 η
