2173 2960
145 192 193 238 150
362 171 460 220 Merlrrdr'
469 169 683 234 ¹I'r'op'lirriraePart
700 172 735 221 II.

141 309 177 345 tea
192 309 238 343 non
255 288 343 348 visum,
359 304 400 337 nec
416 287 467 359 posi
484 289 539 336 adeo
556 288 716 353 conspicuum.
738 289 813 354 Usque
823 288 850 337 ad
861 288 911 340 Sec.
923 291 957 344 XI

144 362 176 409 Su
193 357 274 407 erllitio
301 353 378 403 sensuri
403 368 460 400 uires
485 352 615 417 acquisivit,
638 367 660 402 et
681 357 708 402 ad
729 355 839 403 summum
864 358 959 404 tetendit

142 376 273 487 fadigium,
288 419 321 467 uti
338 416 452 481 corruptio
468 433 557 482 quoque
573 416 642 466 fecit:
659 418 732 466 donec
742 418 852 466 summum
864 419 966 480 gradum,

147 500 241 552 utraque
262 484 288 533 sit
308 480 437 530 consecuta:
460 480 499 529 sed
515 497 528 528 a
542 482 592 530 Sec.
610 484 655 530 XII
670 481 778 546 imprimis
794 497 818 529 ea
834 481 960 545 oppugnari

147 553 224 615 coepit
240 563 279 613 per
289 543 396 593 Politicos
410 556 434 592 et
449 544 615 610 Ecclesiasticus
630 547 713 610 aliquos
724 546 806 604 Viros,
823 546 888 592 ctiam
900 546 956 593 Coe·

148 628 185 663 tus
205 615 301 674 integros
317 608 394 672 saepe,
417 607 455 671 qui
471 608 494 655 se
508 623 521 653 a
536 609 697 656 commuuione
712 610 824 658 Ecclesiae
839 622 958 674 corruptae

148 687 270 741 coeperunt
280 672 387 735 separare.
411 671 479 719 Unde
490 681 564 718 ortum
575 670 608 718 est
618 672 736 735 multiplex
747 673 769 720 id
781 673 865 721 Bellum
877 675 959 738 Papale-

149 742 178 790 ad
191 737 333 803 Religionem
349 731 465 785 stabilitam
480 734 644 782 defendendam
660 747 684 781 et
700 737 875 800 propagandam
910 739 959 785 Du·

148 803 206 853 ravit
220 801 311 869 quidem
332 797 466 862 Superstitio
487 806 509 845 et
528 797 644 862 corruptio
665 798 704 846 sub
725 799 766 846 hac
786 798 832 860 ipsa
851 800 959 860 Periodo,

113 897 116 903 ·
147 869 185 918 sed
195 864 345 916 cliaradlerem
356 863 403 925 ejus
415 861 549 909 constituere
559 861 650 925 nequit,
666 861 727 926 quod
737 861 844 924 insignius
857 861 901 909 fuit
916 863 961 911 stu-

148 932 210 981 dium
230 925 312 978 Eccles.
335 925 460 990 purgandi,
480 926 539 989 quod
554 925 622 988 longe
637 926 724 989 lateque
744 936 893 992 propagatum
914 926 959 987 est,

149 1008 201 1044 ante
216 990 356 1042 non-visum
376 1004 401 1037 ea
416 990 508 1038 ratione.
542 990 657 1037 Durarunt
678 990 734 1036 haec
754 989 873 1036 conamina
894 989 962 1054 usque

149 1059 178 1107 ad
193 1056 311 1123 Synodum
327 1051 499 1113 Tridentium,
516 1054 571 1116 quae
585 1053 665 1116 partim
687 1067 726 1099 ora
741 1052 900 1099 Membrorum
915 1054 959 1101 ue
1000 1086 1007 1090 --

148 1122 227 1172 clesiie
248 1117 371 1182 Papisticae
391 1115 483 1175 clausit,
505 1116 585 1180 purtim
605 1114 779 1164 Prorestantium
800 1114 961 1178 separationem

149 1186 206 1236 fecit
218 1184 356 1248 perfectam
373 1181 485 1243 adeoque,
497 1195 549 1227 cum
564 1180 613 1241 spes
628 1179 740 1227 Ecclesiae
755 1178 908 1227 reformandae
924 1182 961 1230 de·

150 1248 254 1308 colasset,
271 1248 297 1294 ab
313 1246 357 1291 hoc
372 1258 440 1306 opere
455 1242 560 1290 celsarum
576 1240 622 1300 est;
649 1241 720 1290 itaut
740 1242 839 1304 singulae
852 1244 964 1294 Ecclesiae

151 1310 271 1376 proprium
286 1309 349 1357 suum
364 1305 444 1354 statum
460 1306 593 1364 defendere,
610 1318 633 1353 et
648 1321 683 1354 res
698 1304 746 1352 suas
762 1314 829 1366 agere
843 1319 963 1356 contentae

149 1376 246 1434 suerint,
262 1369 405 1422 manifestum
417 1386 471 1434 ergo
483 1368 527 1429 est,
539 1370 583 1418 hoc
593 1368 692 1418 studium
701 1367 764 1417 redte
774 1368 838 1416 statari
854 1370 905 1418 liuic
920 1374 961 1422 Pe·

151 1440 216 1489 riodo
232 1436 357 1502 proprium.

186 1502 207 1568 ᾖ.
224 1501 332 1551 CXXVI.
376 1498 401 1546 B.
419 1497 542 1544 Continuus
564 1496 607 1544 suit
622 1512 662 1560 per
677 1507 749 1544 totam
763 1497 881 1546 Periodum
897 1514 963 1547 conn-

151 1580 202 1626 tus,
224 1581 266 1614 nec
285 1576 382 1625 unquam
403 1559 513 1619 ceffavit3
539 1559 591 1608 licet
611 1560 697 1623 majore
718 1558 834 1609 minoreve
849 1563 920 1625 gradu
940 1562 964 1610 se

154 1628 274 1690 exeruerit.
527 1628 528 1634 ’
684 1662 686 1664 -
930 1681 931 1684 ,

381 1689 406 1736 C.
423 1686 466 1735 Nil
481 1685 552 1748 magis
569 1685 594 1733 in
606 1685 705 1748 Ecclesia
721 1687 866 1750 conspicuum
882 1687 924 1735 suit
939 1702 965 1735 ac

151 1756 273 1821 stngulare,
289 1751 318 1801 nis
329 1751 389 1816 quod
399 1751 423 1798 in
434 1749 537 1798 omnium
553 1749 629 1797 oculos
644 1748 713 1812 magis
728 1749 829 1799 incurrit.
955 1759 956 1762 ’

262 1827 264 1831 ·
379 1815 410 1863 D.
422 1813 531 1871 Accedit,
547 1811 605 1860 iiitet
621 1825 741 1876 utrumque
752 1815 907 1863 Cliai‘adlerem
924 1815 964 1864 do'·

153 1887 276 1940 minantem
292 1893 315 1930 et
329 1889 433 1926 externae
444 1876 556 1925 Ecclesiae
570 1876 637 1924 faciei
653 1889 675 1924 et
690 1876 757 1926 status
772 1878 878 1938 Mortalis,
895 1895 963 1943 quem

155 1950 218 2013 supra
229 1941 372 2010 consignari,
387 1942 431 1990 else
440 1941 583 1990 aruiffiinum
594 1955 693 2000 nexum,
714 1941 752 2006 qui
766 1942 859 1990 alterurn
874 1943 921 1992 fine
936 1944 965 1990 al-

156 2025 206 2060 tero
217 2011 261 2058 esse
272 2024 316 2057 non
332 2006 389 2055 sinit.
423 2006 508 2054 Bellum
523 2004 582 2052 enim
599 2006 678 2067 Papale
694 2019 721 2051 eo
735 2006 854 2065 tendebat,
871 2018 897 2054 ut
911 2005 964 2054 huic

154 2074 227 2125 fiudio
244 2075 301 2120 obex
316 2081 449 2132 poneretur,
467 2081 489 2116 et
500 2069 567 2119 slanis
582 2069 693 2116 Ecclesiae
704 2067 867 2133 superstitiosae
877 2082 901 2117 et
916 2085 964 2117 cor·

154 2151 234 2203 ruptae
249 2144 326 2199 aperta
338 2130 363 2179 ui
379 2131 534 2192 defenderetur
544 2144 566 2177 et
576 2133 758 2182 confirmaretur:
776 2134 833 2182 adeo
849 2145 874 2181 ut
888 2132 964 2197 strper-

156 2205 190 2252 ior
207 2197 328 2251 Clrarafler
344 2192 475 2251 dominans,
493 2192 516 2239 in
532 2193 591 2238 Bello
601 2193 676 2253 Papali
687 2194 750 2253 situs,
766 2197 825 2243 hunc
840 2212 882 2260 pro
892 2198 965 2258 hypo-

155 2266 212 2314 tiresi
227 2265 317 2318 habeat,
335 2269 357 2306 et
375 2257 403 2305 de
421 2273 448 2304 eo
465 2254 566 2303 testetur.

189 2329 210 2393 s.
228 2325 346 2375 CXXVII.
381 2322 518 2386 subjungam
543 2319 589 2382 *iarn
610 2318 728 2372 nonnullos
760 2319 825 2367 Casus
856 2321 963 2371 Palr'n'rrr.

155 2384 263 2441 Erdineut
284 2388 339 2435 inter
359 2401 410 2443 eos,
436 2402 481 2433 roro
503 2382 610 2447 terribiles
633 2380 810 2431 Christianorum
830 2382 964 2442 dirisrones,

154 2453 325 2510 contentiones,
341 2461 364 2498 et
379 2464 467 2513 pugnae
483 2448 560 2497 secum
576 2445 689 2495 inuicem:
712 2458 737 2493 ut
759 2446 816 2494 inter
836 2448 966 2497 Pontificiae

193 2527 194 2530 ¹
554 2526 555 2530 ¹
888 2510 967 2561 Sellae
