2173 2960
172 176 226 235 -246
404 168 476 219 Setino
490 169 633 219 Academicus
653 168 747 220 Tertius,

177 339 244 384 narn,
266 324 378 375 Divinum
393 323 451 373 inter
467 335 490 372 et
504 322 659 384 Diaboli'cum,
675 338 728 372 cum
749 323 847 374 medium
863 326 917 390 quid
937 327 982 377 sese

177 389 272 449 offerat,
289 405 318 439 ex
333 389 450 439 hominurn
467 389 503 437 vel
517 388 646 437 infirmitate
661 390 698 437 vel
718 387 824 452 cupidine
844 391 981 451 oriundum,

176 454 292 502 latrinarum
307 456 378 503 verius
394 466 416 501 et
426 452 578 513 mundanum,
588 469 655 518 quam
665 453 801 501 Diabolitum
816 453 982 518 adpelandum,
1055 449 1059 455 ’

176 518 281 566 Satanam
297 534 384 583 quoque
400 533 451 565 enm
467 518 563 565 multum
579 518 688 576 redoleat,
704 517 763 580 quod
780 516 820 581 ipsi
836 519 918 581 volupe
934 518 980 578 est,

177 582 242 629 etad
259 585 319 645 qrrod
335 582 394 629 suam
410 581 500 629 confert
517 596 621 643 operam,
637 580 660 629 in
676 597 721 646 quo
736 593 810 629 tarnen
827 581 926 645 exprella
935 583 982 645 ejus

177 646 254 708 imago
275 644 319 693 sese
339 644 521 707 conspiciendam
543 659 589 690 non
610 646 714 705 praebeat
721 662 728 703 3
755 644 903 693 eminentibus
918 659 941 693 et
957 647 981 693 il-

176 707 315 756 lustrioribus
330 709 452 765 coloribus,
473 706 512 768 qni
526 705 600 767 ipsum
615 707 765 769 distinguunt,
782 720 805 755 et
816 709 918 757 omniurn
929 726 982 757 oeu-

175 771 205 827 lis,
219 784 346 833 exponunt,
363 770 444 820 nativis
454 768 529 818 etsais
545 768 669 829 coloribus,
681 769 735 832 quid
751 771 843 819 denium
859 773 903 831 est,
921 770 982 836 quod

177 833 341 897 compingat?
490 847 492 851 ·

210 895 230 960 ᾗ.
247 898 280 946 V.
404 897 447 944 Per
462 894 634 959 partequuidem
649 894 695 956 ire,
706 908 729 943 et
744 899 871 959 dutlriaatu,
888 901 979 959 taimen,

173 963 268 1024 raginam
289 971 313 1007 et
333 977 412 1020 taurus,
440 976 468 1007 err
487 960 566 1023 quibus
586 958 679 1008 societas
700 960 853 1010 Ecclesiastico
874 963 980 1021 constat,

177 1023 282 1072 distinete
292 1024 452 1087 contemplati,
463 1036 489 1071 nt
500 1024 526 1070 ad
543 1020 742 1088 eliarafteristicurn
758 1026 820 1088 regni
836 1027 932 1075 Satanici
943 1028 986 1075 atl-v

174 1087 285 1136 tributum
297 1087 453 1147 veniatrrus,in
465 1086 524 1134 facili
535 1087 600 1135 foret,
637 1090 739 1147 Errorrr,
751 1088 820 1135 etiam
830 1089 980 1152 capitaliorem

167 1150 352 1217 stuprastiti0aon‚
370 1150 436 1199 etiam
450 1149 623 1209 idololatricam,
645 1154 783 1213 illegitimam
799 1152 913 1215 regiminis
930 1155 981 1217 for-

173 1231 244 1274 atam,
266 1231 373 1278 erroresque
392 1227 526 1277 corruptos,
548 1213 576 1259 de
597 1215 689 1262 Satanae
710 1216 819 1262 coloribus
840 1216 894 1264 nilril
914 1217 979 1281 saepe

173 1278 274 1338 trahere,
291 1290 315 1326 et
329 1279 354 1327 in
369 1278 461 1341 proprio
476 1275 593 1335 inbecillis,
611 1278 645 1326 vel
663 1279 809 1340 depravatae,
821 1279 929 1328 humanae
941 1296 979 1330 na·

164 1354 237 1397 >„turae
251 1342 322 1391 fando
343 1342 414 1399 nasci3
430 1341 527 1405 sterilium
548 1355 603 1388 vero
619 1342 718 1400 errandi,
735 1342 850 1390 etodium
867 1345 979 1405 veritatis,

173 1404 318 1470 detestandum
333 1405 469 1454 idololatriae
489 1403 604 1467 speciem,
625 1420 742 1468 moresque
758 1420 902 1470 quoscunque
918 1410 980 1456 ialin·

176 1486 267 1529 titanos,-
282 1482 369 1533 partem
385 1469 474 1532 quidem
490 1466 593 1530 imaginis
609 1467 674 1531 hujus
688 1468 814 1516 teterrimae
827 1469 915 1530 facere,
931 1488 980 1521 non

174 1544 250 1581 tamen
265 1532 475 1590 charatierillicam,
491 1532 591 1594 adeoque
606 1530 629 1578 in
645 1532 704 1578 nullo
720 1547 797 1579 eornm
813 1533 877 1596 regni
894 1536 978 1583 Satani·

173 1596 196 1648 ci
212 1595 328 1644 criterium
343 1595 387 1644 elle
402 1596 468 1645 fitam
481 1631 487 1652 ,
507 1593 569 1641 latius
585 1593 712 1652 deducere,
735 1607 757 1641 et
772 1595 830 1642 clare
844 1597 980 1657 adfirmare,

172 1660 239 1723 qnod
251 1676 298 1707 non
307 1660 374 1709 -foret
394 1657 521 1708 difficilioris
542 1672 635 1719 operae,
657 1656 812 1719 inaximopere
827 1659 917 1721 quidem
934 1663 980 1711 Vel-

170 1724 225 1772 lem.
260 1724 318 1782 Sed,
335 1738 389 1771 cum
403 1722 461 1771 haud
476 1737 523 1769 uno
538 1719 633 1769 nomine
647 1720 703 1769 milri
718 1736 811 1784 operam
825 1722 869 1771 ell'e
884 1725 981 1773 dandam

171 1786 277 1845 lentiam,
293 1801 360 1851 quam
374 1787 471 1835 inarime
487 1797 580 1848 potero,
596 1783 670 1833 brevis
685 1797 710 1832 ut
723 1784 818 1843 faciam,
833 1786 857 1833 in
866 1800 915 1834 rem
925 1803 982 1837 mort

172 1849 256 1909 venio,
267 1850 432 1914 fraudulentam
445 1861 467 1897 et
477 1851 591 1898 idolotitum
601 1847 715 1911 religionis
729 1849 872 1898 tutandaeset
886 1867 978 1914 promo·

173 1915 262 1963 vendae
283 1917 411 1973 rrretlradnnr,
433 1911 577 1976 posteaquam
592 1912 699 1960 levidensi
716 1911 805 1959 brachio
821 1914 868 1975 eJ'us
883 1918 979 1978 explica·

174 1981 251 2026 tionem
266 1977 430 2040 perstrinxero,
447 1975 569 2025 exstantias
584 1976 631 2039 ejus
646 1974 690 2024 ell'e
706 1975 822 2024 criterium
838 1977 959 2028 eridtnrus.

208 2042 229 2103 §.
245 2043 289 2090 VI.
404 2041 548 2089 Frrrrrdalanta
574 2039 630 2088 ratio
660 2038 790 2103 religionem
814 2039 911 2104 aliquam
936 2043 984 2091 aliis

173 2103 334 2168 persuadendi,
349 2120 365 2150 a
374 2107 488 2164 paradeum,
504 2117 561 2167 quae
570 2103 624 2152 nilril
635 2103 697 2161 vitii,
714 2103 812 2151 multum.
826 2104 878 2152 boni
898 2105 982 2167 habet,

172 2169 245 2232 probe
261 2164 429 2229 distinguenda,
445 2180 474 2212 ert
488 2166 644 2227 multiplicibus
657 2166 770 2215 fraudibus
781 2167 907 2230 artibusque
918 2185 982 2217 merr-
1041 2178 1042 2182 ’

172 2231 262 2279 dacibus
276 2240 396 2286 contexta,
413 2241 439 2276 ut·
453 2242 502 2274 rem
517 2226 541 2274 in
557 2243 627 2288 pauca
641 2230 785 2283 contraham,
807 2242 830 2275 et
846 2230 984 2278 ornamentis

135 2309 138 2312 ⁴
173 2293 276 2342 oratoriis
299 2292 399 2357 sepositis
424 2290 484 2340 nude
508 2304 646 2353 proponam,
665 2291 746 2351 ptimo,
772 2289 872 2336 Divinae
891 2291 984 2355 originis

174 2357 211 2405 uel
226 2356 393 2417 adprobationis
407 2355 460 2403 fieta
476 2367 499 2402 et
514 2351 566 2401 falla
581 2352 643 2415 signa
659 2350 848 2412 conrprelrendit,
874 2353 921 2403 five
940 2355 982 2404 fint

173 2420 321 2469 revelationes
346 2432 383 2467 ant
408 2418 577 2483 inspirationem
597 2418 621 2465 in
641 2415 729 2465 sonrniis
750 2413 900 2466 visionibusre
918 2435 982 2482 prae·

172 2483 260 2546 tensae,
275 2483 323 2534 stae
337 2482 379 2532 sant
394 2484 512 2545 miracula,
528 2482 600 2532 aliaue
614 2480 673 2531 dona
688 2478 874 2543 extraordinaria3
891 2485 926 2534 uel
944 2494 984 2535 crt-

873 2553 989 2611 cogitata,¹
