2173 2960
459 195 560 245 Periorlus
580 194 601 241 s.
709 202 711 205 “
886 209 929 242 101

345 332 377 364 ιε.
394 315 477 378 Egressi
491 313 541 361 sunt
556 329 607 360 cum
622 311 776 369 sestinatione3
797 314 855 376 quod
872 324 928 377 opus

127 391 159 439 est
172 404 238 438 verae
253 382 318 439 fidei,
330 391 353 426 et
369 379 414 426 sine
429 380 472 424 ulla
491 392 554 423 mora
573 376 691 436 separantis
707 375 729 422 se
744 392 757 421 a
772 378 933 428 commuuione,

128 454 224 504 Mundi:
251 450 282 496 fic
303 457 392 507 quoque
412 440 496 502 eupuIsi
512 438 631 485 Christiani
646 454 658 484 a
673 438 761 500 Judacis
780 449 803 485 et
823 439 927 501 separatI:

127 519 189 568 Sicut
205 512 313 564 Israelitae
329 504 474 560 festinabant,
491 502 550 564 quod
566 503 591 549 ab
601 502 716 564 lEgypriis
726 501 884 565 ejiciebantur3
901 505 931 551 ita

128 576 246 631 Christiani
266 570 333 636 primi
353 566 544 616 Persecutiouibus
569 565 645 612 uexati
670 565 776 627 sugerunt
797 579 819 612 et
841 565 930 629 dispersi.

128 647 192 700 sinit,
209 639 261 688 net.
280 634 346 683 VIII.
380 633 417 679 Sic
431 644 520 693 quoque
530 628 596 692 fugae
608 643 747 691 comparatur
759 629 847 677 ultimus
859 630 930 678 Clitis-

128 709 241 756 tianorum
262 696 357 763 egressus
377 696 416 744 sub
436 695 505 742 finem
530 691 676 755 'Reipublicae
701 692 810 756 Jurlaicae.
844 695 930 743 Mauri.

356 823 373 873 s,
390 821 473 887 Egressi
489 819 650 884 primogenitos
665 820 716 867 Deo
727 826 854 869 consecrare
865 823 930 871 debe*

127 901 195 956 bant,
210 895 234 943 iri
249 889 381 940 memoriam
396 900 419 935 et
432 887 507 934 locum
523 883 726 948 Primogenitorum
736 886 831 949 lEgypti
846 887 931 936 occiso-

128 978 190 1012 rum:
203 960 233 1008 fic
250 969 273 1004 et
288 952 385 1003 Ecclesia
400 952 452 999 Deo
462 949 500 996 ,est
514 947 653 1005 consecrata,
669 948 757 1011 rejedtis
771 949 865 1012 judaeis.

355 1033 377 1079 g.
394 1014 500 1063 Tandem
510 1011 672 1060 Nubes'castra
681 1012 826 1062 Israelitarum
841 1030 935 1076 praece,

128 1093 196 1140 debat
216 1100 239 1135 et
258 1083 381 1132 tutabatur:
404 1077 442 1135 Sic
462 1076 573 1123 Ecclesiae
593 1075 676 1139 primae
696 1092 786 1139 quoqne
805 1078 932 1129 adscribitur

128 1155 209 1205 Nubes
227 1168 237 1199 1
251 1152 303 1197 Cor.
321 1146 350 1194 X.
367 1154 389 1190 et
404 1142 446 1205 Jes.
462 1141 506 1189 IV.
541 1140 614 1187 Notat
629 1139 773 1202 praesentiam
785 1141 864 1188 Christi
874 1145 933 1206 apud

129 1216 263 1273 Ecclesiam,
281 1212 329 1275 ejus
342 1205 548 1262 conseruationem,
565 1203 730 1251 illustrationem
751 1220 776 1251 ac
798 1205 935 1256 benedictio·
1006 1239 1008 1244 ·

131 1298 195 1340 nem,
217 1294 245 1326 ex
266 1291 310 1339 quo
331 1274 369 1336 Sp.
393 1272 415 1319 S.
438 1284 490 1317 cum
506 1268 605 1316 Ecclesia
624 1266 800 1315 communicatus
816 1269 860 1328 est,
882 1286 936 1320 cum

75 1384 78 1387 .
129 1344 189 1409 quasi
204 1343 228 1390 in
244 1341 313 1389 Nube
329 1335 438 1400 baptitata
454 1331 486 1380 est
501 1331 523 1380 iu
539 1332 597 1380 sesto
608 1330 762 1390 Pentecostes3
779 1348 823 1395 quo
835 1333 936 1383 alluditur

132 1412 191 1459 sorte
210 1424 219 1454 t
234 1407 285 1453 Cor.
301 1401 331 1450 X.
937 1404 939 1408 ’

163 1473 183 1538 q,
200 1468 283 1518 LXIX,
363 1472 389 1516 'a
406 1463 532 1524 Sequuntur
551 1458 713 1523 Consequentia
733 1472 756 1508 et
771 1461 825 1511 Fata
842 1465 938 1527 egressus

131 1550 154 1586 et
170 1532 304 1600 egressorum
319 1528 479 1577 Israelitarum:
496 1524 554 1572 inter
569 1539 624 1586 quae

134 1636 135 1639 ,
362 1608 381 1640 a.
397 1588 497 1637 Primum
514 1587 558 1646 est‚
575 1588 622 1634 illos
637 1589 659 1636 in
676 1589 796 1639 Desertum
812 1592 855 1640 else
870 1593 937 1643 educ·

132 1680 178 1714 tos:
195 1663 305 1714 desertum
320 1655 372 1705 dicit
386 1655 480 1710 statarii,
496 1668 541 1713 quo
557 1651 605 1714 quis
620 1668 632 1698 a
648 1654 807 1702 communione
821 1656 937 1705 hominum

132 1729 229 1776 semotus
244 1722 289 1781 est,
310 1734 399 1781 quoque
418 1715 535 1762 necessaria
553 1715 579 1760 ad
601 1715 684 1761 viatim
701 1729 723 1762 et
737 1717 840 1764 riniani
857 1736 868 1765 a
883 1721 936 1768 Deo

130 1787 260 1837 immediate
285 1780 468 1841 suppeditantur,
494 1786 517 1819 et
537 1774 574 1820 ubi
595 1777 668 1821 omnis
688 1790 792 1825 externus
811 1780 938 1844 Religionis

122 1860 244 1915 'apparatus
255 1841 339 1891 deficit.
375 1836 550 1886 Christianorum
565 1834 644 1883 statum
655 1854 699 1900 quo
710 1840 736 1886 ad
748 1842 876 1904 Mundum,
893 1863 939 1909 quo

131 1933 143 1964 a
157 1911 277 1962 carnalibus
291 1899 502 1973 Israelitislseparati
522 1899 584 1970 sunt,
605 1912 627 1946 er
647 1917 659 1947 a
674 1902 726 1949 Deo
740 1903 869 1954 immediate
884 1926 938 1972 pen-
989 1951 992 1953 .

134 1979 199 2035 dent,
216 1968 315 2021 acarnali
330 1967 449 2029 Religione
459 1964 553 2034 liberati,
570 1965 738 2024 repraesentari,
760 1968 830 2016 cuivis
845 1970 868 2018 jn
885 1987 938 2020 ocu·

132 2044 166 2091 los
181 2037 246 2088 facile
255 2030 359 2085 incurrit.
393 2028 501 2084 Accedit,
518 2025 652 2074 Christianos
667 2026 690 2075 in
701 2029 822 2080 Desertum
834 2035 942 2088 Gentium

112 2106 179 2154 „reite
198 2099 315 2153 abdudm,
337 2109 388 2141 cum
408 2093 465 2138 inter
486 2091 570 2138 Gentes
590 2091 672 2138 uersari
692 2092 829 2143 debuerunt:
856 2099 942 2150 Gentes

134 2170 194 2218 enirn
204 2181 255 2213 cum
266 2159 361 2208 Deserto
373 2156 507 2218 comparari,
523 2167 603 2203 uotum
618 2154 662 2203 est:
680 2155 735 2205 Vid.
748 2159 831 2222 Jcsajae
841 2163 939 2215 XXXII.

135 2234 196 2282 XLI.
213 2241 236 2276 et
251 2225 335 2274 XLIII.

356 2288 386 2335 .b.
399 2281 509 2345 'Conjesti
526 2282 577 2331 sunt
592 2282 710 2342 Israelirae,
731 2284 751 2332 iri
773 2287 883 2340 desertum
897 2296 944 2358 jam

137 2359 223 2413 eduffl,
239 2368 329 2418 magnas
349 2348 508 2412 insangustias,
526 2363 577 2394 cum
594 2349 621 2394 ab
636 2360 730 2412 utroque
745 2350 813 2400 latere
828 2357 945 2408 Montibus

118 2478 120 2481 .
140 2420 255 2466 coristiisti
282 2416 363 2472 essent,
389 2424 482 2473 atergo
504 2410 620 2472 aegyptti
639 2410 817 2476 insequerentur,
841 2432 862 2466 er
878 2424 946 2470 Mare

137 2482 242 2530 Rubrum
256 2482 363 2529 haberent
378 2494 390 2526 a
405 2476 489 2525 Ironte.
524 2473 652 2583 Epssquibus
667 2487 743 2525 exerta
759 2479 805 2528 Dei
819 2499 885 2531 irianu
895 2486 944 2531 rin-

114 2563 115 2566 ’
544 2561 567 2584 s
588 2552 599 2599 3
877 2548 945 2599 dicati
