2173 2960
409 242 410 245 ’
430 237 531 285 Peer'oelus
546 233 567 281 I.
722 280 724 284 ,
872 249 901 297 73

27 347 29 349 ¹
96 366 118 405 eo
130 355 212 421 longono
220 356 295 421 peretto
303 355 432 418 per'iele'eoei.
467 356 560 417 Origen.
573 361 651 400 contra
662 347 717 399 Cels.
729 350 743 399 l.
755 351 796 403 Ill.
808 370 830 418 p.
846 371 899 403 roo.

97 421 248 485 persecutionis
263 431 340 468 ouenuu
356 419 391 473 risu
404 420 465 482 χρένῳ
479 428 549 466 πλειονι
561 420 610 480 juon
621 418 680 476 lougo
697 425 787 476 leroepore
803 419 899 483 effoffi,

96 485 206 534 adfirmat.
224 485 264 532 alla
279 483 354 530 mitto.
390 496 411 529 2.
428 483 583 530 Persecutores
599 479 668 525 nullos
682 493 808 527 memorant
825 485 899 546 Impe-

95 562 178 597 ratores
204 547 255 609 post
276 544 431 594 Domitianum
457 555 509 593 ante
535 542 634 590 Decium
659 541 777 604 scriptores
802 546 900 608 antiqui;

93 613 148 676 quin
170 612 285 659 absolvunt
305 623 384 657 omnes
404 606 554 656 intermedius.
593 607 677 654 Securis
700 610 840 668 terrrpoeilur,
861 609 900 656 sci-

94 677 147 723 licet
163 691 181 721 a
190 674 321 721 Domitiano
338 673 365 721 ad
380 670 490 731 Decium,
507 674 582 734 peribus
603 670 666 716 ereeoloe'
686 685 711 716 oe
733 673 782 717 oneo
796 674 901 735 principes

96 739 190 786 Retouue'
213 739 296 799 imperii
316 739 398 786 cloteno
420 740 552 799 eegieuouquo
574 744 699 792 renuerunt,
720 735 787 782 nullos
804 739 899 784 irriouioo-

95 816 143 849 retro
158 804 241 861 inpetus
261 800 321 864 passa
341 800 373 848 cst
393 801 504 860 Ecclesia,
532 798 605 861 iuquit
627 795 727 846 Lasiam.
750 800 764 846 l.
788 814 807 848 c.
829 800 860 847 lic
877 812 900 847 et

96 865 191 913 Tertull.
203 865 224 912 in
236 866 322 929 apolog.
334 880 354 914 c.
365 879 387 924 5.
424 866 532 923 Ceret-eun,
548 860 632 925 inquit,
648 861 676 908 de
686 871 716 908 tor
727 865 801 910 erinele
814 863 837 928 (a
849 866 898 911 Do-

94 927 186 976 mitiano
208 927 286 994 rosque)
304 930 438 991 principibus
455 931 483 976 uel
503 929 624 976 lroelieeuuue
641 923 774 988 (Seuerum,
791 927 830 975 sub
852 944 898 991 quo

93 990 190 1055 scripsit)
202 994 295 1041 elioieruoe
305 994 457 1054 lueououuorpue
467 992 620 1057 sapientibus,
633 991 685 1036 eelite
701 991 791 1052 olipueue
806 993 899 1039 debello-

92 1068 159 1104 ,totoue
176 1056 353 1121 Cluistieruoeuue,
375 1056 397 1104 lt.
415 1071 435 1104 e.
456 1057 570 1118 publicum
585 1052 756 1116 persecutorem.
787 1070 799 1116 3
817 1055 898 1103 Robur

92 1119 151 1168 haud
170 1120 221 1169 leve
241 1119 340 1178 additur,
363 1118 423 1182 quod
445 1133 523 1167 eorum
542 1116 642 1180 ipsorum
660 1118 838 1178 Imperatorum,
860 1121 898 1182 qui

90 1182 152 1231 iuter
173 1182 324 1246 persecutores
345 1195 502 1241 numerantur,
519 1182 621 1246 rescripte
636 1179 659 1226 in
674 1179 778 1228 fauorem
794 1182 898 1229 Christia-

91 1262 173 1295 norum
188 1258 353 1305 memorantur,
370 1258 394 1294 ut
411 1246 504 1319 Trajani
521 1245 579 1310 apud
594 1243 710 1300 Plinium,
732 1243 844 1293 norissima
865 1246 900 1296 illa

90 1309 155 1373 epill.
177 1311 205 1357 de
226 1309 368 1369 Christianis,
389 1310 500 1359 Hadriani
520 1308 578 1373 apud
598 1307 678 1355 Euscb.
695 1307 729 1355 H.
745 1308 773 1357 E.
789 1309 835 1357 lV:
858 1315 898 1359 26.

90 1385 115 1422 et
130 1373 154 1421 in
170 1375 253 1423 Chron.
271 1373 382 1422 Antonini
397 1373 431 1422 Pii
446 1374 500 1424 ibid.
517 1389 537 1421 c.
552 1388 589 1434 13,
602 1374 640 1420 26.
657 1370 734 1419 Marci
744 1372 831 1421 Aurelii
842 1372 900 1423 inlu

89 1451 139 1499 cap.
160 1454 196 1499 13.
213 1438 281 1504 Quod
297 1454 352 1486 vcro
368 1438 395 1487 ad
411 1437 564 1486 Maximinum
581 1435 665 1483 adtinet
682 1446 705 1482 et
720 1436 842 1497 Seuerum,
860 1437 898 1501 qui

89 1501 265 1563 persecutoribus
285 1502 446 1561 accensentur3
471 1500 551 1565 prioris
566 1499 676 1550 rationem
697 1498 742 1546 elle
757 1500 896 1560 habendam,

90 1576 157 1627 negat
168 1566 361 1627 Sulpicseuerus,
379 1564 489 1629 posterior
499 1580 588 1630 quoque
603 1564 619 1612 sr
635 1562 746 1612 eximetur
761 1579 840 1613 eorum
856 1580 897 1613 nu-

88 1641 165 1687 mero,
176 1629 246 1677 nullus
261 1641 308 1676 tora
319 1630 360 1677 hac
376 1629 469 1693 periodo
480 1627 627 1677 demonstrari
637 1625 733 1691 poterit:
750 1628 828 1691 utique
838 1629 898 1676 Ter·

89 1691 174 1741 tullian.
200 1692 257 1741 haud
279 1692 372 1741 obscure
390 1693 463 1757 ipsum
484 1692 578 1742 absoluit
597 1691 622 1740 in
642 1691 741 1755 Apolog.
764 1709 784 1741 c.
807 1706 829 1752 5.
847 1709 896 1743 non

89 1766 191 1813 tantum,
209 1757 282 1819 quod,
292 1756 355 1810 ,solos
367 1759 447 1819 inpios,
459 1756 563 1820 injustos,
575 1767 659 1817 nuper,
672 1772 737 1804 reuuos
747 1757 896 1818 Imperatores

88 1817 147 1877 leges
167 1830 245 1862 contra
261 1817 396 1862 Christianos
411 1819 500 1880 exsequi
521 1820 603 1874 solere,
620 1818 721 1874 adserat,
744 1819 830 1880 qualem
847 1834 894 1867 non

87 1877 164 1925 habuit
174 1879 282 1925 Severum
294 1878 455 1937 Tertullianus,
471 1877 510 1925 sed
524 1877 647 1941 inprimis,
669 1879 728 1942 quod
743 1878 795 1941 post
810 1881 893 1929 Domi-

87 1941 173 1989 tianum
188 1941 259 1988 tradat
275 1942 366 2000 nullum,
382 1942 476 1991 elioe'uueu
490 1943 640 2003 leeununuurpue
657 1942 779 2005 Supieeuern
799 1943 893 1994 demon-

41 2041 44 2045 .
87 2004 153 2052 strati
172 2005 199 2052 ad
215 2005 332 2053 leodieruuuz
353 2003 433 2069 usque,
449 2004 489 2068 qui
504 2004 685 2069 persecutionem
705 2004 837 2054 instituerit:
854 2010 893 2059 ubi

88 2069 188 2118 Seuerum
208 2083 248 2131 per
270 2069 390 2117 lrode'eooueu
410 2068 526 2131 intelligit,
554 2069 617 2117 bonis
634 2067 773 2132 principibus
793 2073 896 2121 accense-

88 2133 108 2181 ri
124 2131 225 2190 solitum,
241 2130 320 2195 Quid?
336 2131 396 2194 quod
407 2132 430 2181 in
445 2134 503 2183 libro
516 2134 543 2181 ad
553 2134 671 2195 Scopulum
682 2148 731 2196 cap.
747 2148 771 2193 4.
788 2134 894 2198 testetur,

87 2197 197 2246 Seuerum
212 2195 275 2246 suisse
288 2195 455 2258 Cluistiuuoruou
469 2213 593 2256 eeeeruorouz,
605 2212 642 2244 eos
657 2196 743 2259 deferetis
762 2215 785 2256 o,
802 2210 822 2248 el
830 2214 896 2263 popu.

88 2262 107 2309 lo
117 2261 206 2324 foetenti
222 2263 244 2308 e'u
262 2276 283 2309 or
299 2259 406 2324 restiliffe.
441 2260 543 2310 Addatur
559 2260 668 2324 denique,
689 2273 791 2324 tempore
812 2264 895 2329 Orige-

87 2324 133 2383 nis,
146 2340 190 2389 quo
206 2323 307 2372 homilias
323 2323 408 2386 scripsit
420 2324 447 2372 ad
462 2324 544 2373 librum
559 2328 647 2375 Neeruee.
663 2325 748 2385 Mose,
767 2327 849 2377 nullam
861 2330 894 2379 ui·

85 2387 149 2443 ,uuise
168 2388 280 2449 publicam
297 2387 490 2452 persecutionem,
518 2392 573 2453 quae
593 2390 706 2451 usurpo-es
723 2389 791 2449 fecit,
813 2392 846 2441 uti
867 2410 895 2444 er

87 2447 158 2495 Hom.
178 2451 206 2498 X.
225 2468 285 2516 oper.
310 2465 327 2502 t.
348 2454 378 2500 Π.
400 2468 423 2514 p.
446 2468 501 2515 302.
523 2453 557 2501 ed.
574 2468 626 2500 nou.
644 2464 712 2515 patet.
747 2470 770 2513 4.
788 2455 894 2520 Denique

85 2510 257 2575 perfruuntur,
279 2531 336 2579 quae
356 2516 550 2628 vigorertrnt,1pon
568 2516 681 2578 puelliooe,
702 2518 791 2580 publica
812 2521 892 2569 alitori-

502 2597 516 2627 κ
847 2593 894 2634 tuto
