2173 2960
219 162 265 222 298
444 159 515 208 Serum
535 159 675 209 Academicus
694 158 801 227 Querar.

217 311 333 363 secutione
353 314 466 364 alieniores
489 314 612 379 praestant,
632 314 665 364 nti
689 312 714 362 in
734 315 880 379 Parsagada,
897 316 1021 382 Hispania„

218 376 302 435 Gallia,
319 378 438 440 strnounic,
453 381 551 441 Imperio
563 380 678 439 German,
694 376 822 443 trangon,
833 381 937 431 Polouia:
955 381 1022 429 Clero

219 439 300 489 frustra
316 441 435 503 incitante,
447 456 469 490 et
483 444 591 492 clalsrcum
607 454 708 492 canente.

253 504 273 567 s.
291 505 414 555 XXXVII.
450 523 470 568 3.
484 507 679 572 Quemadmodum
693 506 830 570 Jtrdaeorum
845 522 886 571 per
897 508 974 556 orbern
989 505 1022 554 di·

218 567 301 632 spersro
318 571 425 634 euangelii
439 572 626 635 propagationem
646 570 773 635 praecessit,
796 584 818 619 et
839 573 898 621 viam
919 571 1024 635 aliqunto

220 649 262 681 nus
278 632 521 683 adearnstranit1ita
538 633 723 693 Christianorum,
741 636 894 700 cujuscunque
910 634 962 683 lieet
977 634 1025 682 sec·

220 709 271 753 tae,
286 694 344 742 inter
360 696 459 744 Gentiles
473 710 496 744 et
510 697 715 744 Muhammedanos
730 696 853 760 diffinitio,
870 699 981 762 superiore
991 696 1024 745 se-

219 759 272 805 cnlo
287 770 310 803 et
324 758 413 819 nostro,
428 762 510 822 magis,
523 776 592 823 vquarn
606 774 716 822 unquam,
732 758 803 818 saeta,
820 776 862 808 nec
878 777 924 809 non
946 760 1023 808 Socie-
1039 765 1042 767 ’

218 834 289 879 tates,
305 821 386 885 ubique
400 835 521 882 terrarum,
537 826 568 871 nti
582 822 606 870 in
621 822 747 881 Britannia,
763 834 786 870 et
796 824 883 883 Dania,
899 823 957 871 inter
966 825 1026 871 Pon-

220 885 315 944 tinctos,
327 883 386 948 ipsos
401 886 469 934 etiam
479 886 627 936 Protestantes
636 886 735 945 erestae,
752 887 790 935 lric
804 901 850 935 non
864 885 1026 945 recensendae,

220 949 326 1011 erigenda
341 964 442 1013 qnoque,
458 964 482 998 ut
497 951 575 1014 spero,
597 950 620 998 in
641 950 731 1013 Belgio,
747 950 775 998 ad
789 951 942 1014 euangelium,
958 949 1028 1012 magle

220 1013 325 1062 :minusve
341 1013 392 1060 litet
406 1029 500 1078 purum,
517 1014 713 1077 promovendum,
736 1011 798 1076 spem
824 1013 898 1063 facere
924 1014 1028 1064 ridentur

221 1075 374 1124 conversionis
391 1077 498 1126 Gentium
514 1090 537 1124 et
556 1077 689 1138 Jndaeornm
699 1075 841 1135 universalis,
854 1093 910 1140 qnae
925 1077 1027 1125 ultimam

222 1139 413 1205 persecutionem,
430 1154 453 1188 et
468 1137 691 1196 Antichristianismi‚
711 1138 846 1185 InrrIncibilis
865 1141 914 1201 ejus
934 1139 1029 1202 impedi·

221 1202 307 1262 meantis,
324 1202 510 1261 destrutlionem,
531 1202 641 1264 excipiet,
658 1200 779 1248 secundum
796 1200 969 1251 Christianorum
988 1216 1030 1265 per

223 1267 302 1316 omnia
318 1268 395 1313 Secula
414 1266 488 1327 spem,
503 1267 526 1313 ln
542 1267 611 1313 verbo
627 1263 733 1326 Prophet.
749 1263 871 1314 fundatam.

259 1331 280 1395 s.
297 1330 431 1378 XXXVIII.
453 1345 476 1389 4.
493 1328 598 1394 Denique
613 1325 722 1391 generalis
734 1327 908 1379 Christianorum
923 1328 1031 1393 plurumo-

223 1411 245 1442 rr
253 1403 275 1440 m·
291 1407 331 1454 per
346 1407 423 1439 omues
434 1392 513 1452 setius,
532 1405 554 1441 et
568 1392 738 1440 Pontificimunu
750 1404 773 1439 et
784 1391 954 1441 Protestaunrrm
961 1430 968 1453 ,
977 1406 1031 1455 pur·

245 1411 258 1440 P

224 1460 264 1505 uim
280 1454 380 1502 terribilis
395 1470 435 1518 per
450 1455 567 1519 opiniones
584 1468 606 1503 et
622 1454 690 1504 festas
710 1454 788 1503 divisro
805 1468 827 1502 et
844 1456 958 1516 confusio,
977 1469 1030 1519 pur·-

224 1524 267 1568 airu
281 1519 404 1566 luveterata
419 1531 441 1567 et
456 1519 579 1568 insanabilis
593 1519 616 1567 iu
627 1519 676 1567 vita
686 1531 706 1565 et
724 1517 823 1567 moribus
840 1521 966 1584 corruptio,
979 1533 1032 1582 par·

223 1588 266 1633 tim
283 1582 370 1644 abipsa
386 1583 430 1631 fide
445 1583 567 1632 Christiana
577 1580 706 1640 manifesta,
716 1584 754 1630 vel
770 1583 869 1641 occulta,
886 1599 915 1632 ea
930 1596 979 1631 toto
995 1584 1032 1631 vel

228 1658 292 1711 parte
311 1645 420 1704 desetlio,
441 1644 586 1710 prudentibus
606 1662 653 1695 non
676 1644 721 1692 fine
741 1644 828 1693 ratione
849 1647 921 1694 ansam
942 1648 1034 1710 praebet

225 1708 357 1773 cogitandI‚
376 1709 486 1772 juditium
507 1711 568 1767 Dei,
595 1711 654 1774 qnod
671 1724 684 1755 a
704 1710 760 1757 duran
776 1710 824 1772 ejus
838 1710 938 1773 incipere
958 1709 1031 1769 solet,

228 1774 286 1823 hand
302 1772 339 1819 din
359 1772 451 1835 amplius
466 1774 510 1822 else
526 1774 681 1825 differendum.
720 1773 759 1820 De
778 1772 856 1836 quibus
877 1772 982 1821 ornnibns
997 1772 1032 1820 sn-

227 1837 281 1886 mus»
291 1834 405 1894 disserere,
420 1850 443 1885 et
458 1838 498 1885 alia
514 1839 614 1900 proferre
629 1835 728 1900 possem,
744 1836 782 1883 sed
793 1836 917 1884 finiendum
929 1837 973 1885 esse
983 1836 1033 1885 sen·

225 1902 267 1950 tto.
302 1900 356 1947 Duo
370 1912 458 1949 tantum
473 1901 619 1965 superioribus
634 1900 715 1948 addere
730 1899 795 1948 liceat
809 1898 946 1959 testimonia,
963 1916 1035 1948 unum

229 1966 256 2013 ad
272 1964 423 2022 Lutherunos,
445 1966 536 2013 alterum
560 1965 586 2013 ad
601 1963 731 2012 Pontificios
752 1963 859 2027 spedianu
893 1966 981 2012 Illorruu
997 1963 1034 2011 de·

228 2029 340 2092 ploratum
362 2028 520 2077 conditionem
542 2028 601 2078 salvis
627 2027 736 2075 coloribus
754 2027 858 2090 tlepInarit
882 2039 945 2076 autor
963 2029 1032 2074 'rorati-

230 2094 337 2137 uuuumu's
358 2090 416 2139 I-lisl.
435 2093 563 2151 Gotlranue,
576 2090 613 2139 nlri
627 2091 685 2138 inter
701 2088 741 2138 alla
756 2101 843 2138 taxatur
858 2090 1032 2153 sarrutr'rr'ruurs,

230 2152 286 2201 >lunc
306 2151 366 2198 illinc
387 2153 509 2199 Atlreinnnr
527 2169 549 2201 et
570 2158 728 2216 Epr'rrrruirmur
744 2153 796 2218 (a),
813 2157 940 2215 trittmplnuu
961 2169 1035 2216 ugnus.

233 2218 271 2265 De
288 2213 385 2263 Ecclesia
401 2215 518 2278 Pontificio
534 2215 589 2261 dicit
603 2229 665 2260 antor
681 2218 821 2272 Pontificius,
843 2217 921 2274 Julius
944 2218 1038 2263 Clenreus

228 2282 321 2338 Sauras,
337 2279 409 2326 Italus
421 2278 458 2345 (b)
466 2293 473 2325 :
485 2281 535 2327 litet
547 2273 685 2334 catalaunen,
701 2277 782 2324 rrzirraru
794 2279 849 2324 uitia
858 2287 905 2324 tunt
917 2290 988 2326 taratra
1000 2293 1036 2324 ut·
1061 2291 1063 2293 ·

966 2341 1036 2405 stitu-

261 2449 300 2504 (a)
314 2449 377 2492 Tum.
394 2447 432 2492 III,
447 2461 470 2505 p.
487 2461 532 2503 154,

261 2506 301 2559 (b)
318 2504 339 2547 ln
353 2515 397 2548 not.
413 2505 436 2547 acl
454 2505 570 2552 Pallaricitt.
593 2504 639 2552 hist.
655 2502 737 2550 Concil.
754 2499 888 2557 Tridentium
914 2500 963 2549 vlu
984 2499 1038 2547 lter

232 2561 298 2616 degg.
314 2560 359 2605 lull.
376 2560 426 2617 Pap.
439 2559 462 2617 js.
479 2573 526 2611 aur.
