2173 2960
159 197 205 253 146
374 188 471 239 Merlrodi
486 187 623 249 nupturae
639 189 697 239 Part
713 189 747 263 sl.

158 311 247 372 Reges,
265 308 431 364 limereantur,
448 306 574 370 deponere,
596 318 619 354 et
639 306 736 355 subditos
751 305 841 356 vinculo
856 308 967 361 fidelitatis

159 372 258 431 soluere,
278 375 317 420 ado
333 386 440 419 coronam
456 369 597 433 Imperialem
612 372 730 430 conferre3
749 370 836 434 grinde
851 375 966 423 credendis

159 450 182 484 et
198 436 306 484 faciendis
321 451 361 500 pro
378 434 498 482 autoritate
514 434 644 497 disponere,
670 446 708 495 arn
729 436 756 483 de
775 435 887 496 Personis,
909 453 966 501 quae

158 513 260 548 errarunt
276 501 311 548 uel
327 511 460 563 peccarunt„
475 498 585 560 judicium
602 499 672 558 serre,
693 498 761 563 iisque
780 512 869 561 prccata
889 500 966 548 remit-

157 577 206 612 tere
223 566 258 613 vel
274 565 398 627 imputare,
415 573 451 622 5tr
467 563 494 609 de
509 562 654 624 personarum
670 562 753 610 illarum
765 563 873 624 Munere,
885 564 964 624 Bonis,

159 628 259 676 libertate
272 640 295 675 et
311 627 383 684 Vita,
404 636 472 687 prout
492 638 638 685 meruerunt,
660 626 789 689 disponere,
816 631 852 675 oto
874 644 965 676 ornnem

156 690 331 754 subjeslionem,
347 704 409 752 ‘quae
431 687 514 750 obligat
536 687 709 747 conscientiam,
731 706 806 738 omnes
827 691 921 740 honores
943 705 965 740 et

157 754 311 803 adorationem
334 755 422 815 exigere
443 763 465 798 et
488 750 611 799 admittere.
651 753 726 815 Hujus
752 754 820 801 animi
845 768 966 818 coeperunt

156 817 201 870 elle
216 819 288 881 Papae
303 833 315 863 a
331 813 591 879 temporibus'Gregorii
606 816 668 875 Vll,
691 818 741 864 Sec.
758 817 800 877 XI,
823 818 860 880 qui
881 818 965 880 primus

157 883 214 930 hane
235 879 359 945 potentiam
380 891 403 926 et
424 879 563 927 autoritatem
582 878 670 943 publico
691 879 785 943 jadiarir
808 892 833 927 er
858 883 964 932 exercuit.

157 947 210 996 Hae
224 944 274 992 sunt
289 943 397 993 Personae
411 943 571 1007 belligerantes.

190 1009 211 1073 d.
229 1008 311 1058 CXIX.
382 1009 408 1056 Β.
422 1006 494 1072 Clausa
503 1007 558 1055 Belli
572 1005 595 1055 in
606 1021 688 1071 genere
703 1006 745 1055 suit
756 1006 819 1056 Fidei
829 1020 851 1056 et
862 1009 963 1073 Religio·

157 1074 190 1121 nis
206 1072 290 1136 Papalis
311 1071 411 1120 desensro
432 1083 454 1118 et
474 1072 617 1135 propagatio:
637 1076 695 1133 prior
714 1072 796 1120 bellum
811 1074 897 1137 peperit
911 1088 965 1123 cunr

155 1136 293 1200 Principibus
308 1148 332 1183 et
348 1133 487 1194 Haeretieis,
501 1133 601 1197 posterior
622 1151 676 1183 cum
697 1135 786 1185 Turcis.
821 1138 965 1186 Concirarunt

157 1213 235 1249 contra
255 1200 277 1248 se
297 1199 425 1263 Principes,
447 1200 506 1261 quod
527 1196 668 1246 investituras
689 1197 729 1246 illis
750 1199 877 1263 eriperent,
898 1202 964 1250 etde

157 1264 246 1313 coronis
261 1263 348 1311 illorum
364 1263 408 1311 ausi
424 1261 468 1309 sint
483 1260 612 1324 disponere:
639 1263 773 1311 Haereticos
790 1277 963 1328 oppugnarunt,

157 1328 217 1392 quod
232 1343 245 1375 a
260 1327 305 1375 fide
319 1341 398 1374 eorum
413 1324 564 1384 discederent,
586 1337 608 1373 et
628 1325 742 1388 Religioni
764 1336 859 1387 eorum,
876 1329 966 1378 Ritibus

157 1404 180 1439 et
191 1391 322 1449 Potentiae,
334 1389 356 1437 se
365 1395 520 1452 opponerent:
537 1388 665 1437 Infidelibus
682 1390 762 1437 bellum
783 1390 917 1452 intulerunt,
938 1404 964 1441 ur

156 1455 198 1503 illis
214 1456 311 1502 Terram
326 1455 349 1502 S.
366 1454 404 1501 seu
413 1451 557 1501 Palaestinam
568 1453 690 1517 eriperent,
707 1443 791 1515 libiqu'd
805 1454 943 1518 subjicerent.

190 1518 210 1582 §.
229 1518 301 1567 CXX.
389 1518 414 1564 C.
431 1516 469 1565 Ad
479 1517 582 1576 Modum,
594 1532 638 1580 quo
650 1517 732 1564 bellum
741 1516 829 1579 gestum
839 1519 884 1579 est,
896 1520 966 1584 perti-

158 1594 224 1631 nent:

390 1654 417 1700 aa.
434 1641 535 1708 Minr'slri
549 1644 620 1706 Papae
635 1656 659 1692 et
670 1642 787 1693 Exercitus
802 1644 861 1707 ejus,
876 1646 907 1695 illi
917 1645 966 1694 fue-

156 1721 208 1758 runt
222 1709 279 1760 varii
294 1707 385 1757 ordines
400 1706 512 1754 Militares
528 1718 550 1754 et
570 1709 728 1772 Monacirales,
749 1708 869 1771 praecipue
883 1710 965 1758 Domi·

156 1774 230 1823 nicani
244 1787 267 1822 et
283 1769 435 1821 Franciseani:
458 1769 575 1819 Exercitus
594 1771 686 1819 fuerunt
702 1771 798 1820 Cruciati
814 1772 912 1834 Milites,
929 1774 967 1836 qui

157 1839 207 1887 Sec.
224 1840 258 1887 Xl
272 1838 296 1886 in
313 1838 359 1885 fine
374 1846 498 1898 coeperunt
513 1834 625 1883 conscribi
638 1847 718 1883 contra
733 1835 902 1895 Infideles,‘sed
912 1837 964 1886 dein
1000 1896 1004 1899 μ

155 1903 244 1951 colletli
260 1916 348 1966 quoque
363 1910 441 1948 contra
456 1897 598 1949 Haeretieos.
618 1900 673 1948 Huc
688 1914 777 1964 quoque
791 1900 902 1949 referendi
916 1900 965 1950 Mi·

156 1966 219 2015 nistri
232 1962 386 2031 inquisitionis.
458 1993 465 2031 j
683 2011 685 2014 Α

158 2040 161 2073 ’.
331 2080 334 2083 ,
388 2032 412 2078 tl.
428 2026 594 2090 ArruaPapalia
604 2026 967 2092 fueruntExcommunicarioneS,

157 2093 325 2156 Anarhemata,
338 2091 486 2152 depositiones
496 2091 588 2153 Regum
598 2103 623 2138 et
633 2094 781 2153 Clericorum‚
793 2093 967 2159 lnquilitiones,

159 2160 278 2214 Carceres,
300 2155 438 2224 Tormenta,
455 2153 622 2218 confiscationes
642 2159 841 2216 honorumaerra
857 2174 883 2208 ac
899 2173 966 2222 quae·

158 2223 193 2270 vis
208 2218 324 2285 Supplicia
340 2218 448 2280 capitalra.
557 2227 558 2230 ’
637 2267 638 2270 Ἰ

387 2290 408 2339 a.
425 2279 533 2345 Effrdu,
554 2294 611 2343 quae
625 2280 691 2329 facile
706 2282 729 2331 se
744 2282 855 2340 offerunt,
873 2282 965 2331 ‘fuerunt
1004 2333 1007 2336 ,

92 2388 93 2391 ,
159 2346 251 2411 quaeris
265 2347 328 2394 Mala
343 2345 421 2409 hujus,
437 2356 464 2393 et.
475 2344 565 2392 suturae
579 2344 645 2394 Vitae
661 2361 751 2412 quoque
766 2360 795 2393 ex
810 2344 915 2408 opinione
926 2361 964 2395 eo-

158 2427 224 2470 rum,
240 2409 280 2459 sed¹
293 2410 356 2473 huJus
378 2409 449 2468 Vitae
468 2408 530 2456 Mala
551 2423 618 2473 omne
637 2423 724 2472 genus,
750 2421 887 2473 contemtus,
908 2411 964 2459 insa·

160 2477 218 2540 mia,
243 2472 375 2524 commercii
396 2471 474 2524 Ciuilis
493 2471 603 2538 privatio,
622 2486 757 2539 paupertas,
779 2471 848 2525 sames
858 2512 866 2537 ,
885 2475 981 2537 astilia„

919 2553 968 2589 car-
