2173 2960
208 138 253 186 228
425 130 495 189 Scauro
509 129 649 180 Academicus
665 130 781 186 Saticulus}
835 135 844 148 Χ

207 287 283 336 oetrlos
299 288 412 347 omnium,
428 286 466 350 qui
482 301 520 336 eos
531 284 640 335 obstinate
656 303 703 336 non
718 286 835 346 claudunt,
852 288 898 337 sese
913 291 1011 355 inger·it,'

206 351 350 415 injuriosius?
372 350 465 416 quidde
480 349 532 399 falsa
547 348 660 411 doetrinae,
676 351 705 399 de
719 351 874 400 traditionibus
895 354 1010 416 lrunranis,

208 415 236 463 de
251 416 404 480 superstitione
419 414 508 463 verius?
530 415 618 462 I-laruru
637 415 737 478 patronis
757 432 812 479 opus
827 415 853 464 stt
868 417 949 466 stridis
964 420 1000 481 gla
1015 414 1016 418 ¹

208 479 264 540 diis,
282 481 308 528 ad
324 479 449 543 exemplum
464 479 599 527 sarnosrffitni
613 479 749 544 Inquisitoris
765 492 787 526 et
802 480 948 543 persecutoris
958 483 1008 530 Do-

210 543 298 604 miniei,
315 545 399 606 qui‚·ut
415 544 481 590 verba
497 544 578 590 babent
588 543 698 607 Francisci
708 546 832 603 alrannus,
851 544 885 610 (a)
908 549 929 593 ln
946 550 1008 610 adjec-

211 612 287 656 tarium
301 607 379 671 strtcrfic
397 609 498 669 picardum
518 608 602 653 detrusas
616 610 729 671 personas,
745 625 797 670 qcrac
813 611 947 671 corporaliter
962 612 1009 658 illos

211 673 327 719 lcuccctc'cor
345 673 415 733 gladio
436 671 542 717 uratariali
562 681 720 730 expugnarent,
741 689 789 733 paror
810 674 853 737 ipsc
873 676 945 736 gladio
965 676 1010 722 Dei

211 745 320 798 usurpatore
336 751 374 781 scon
387 733 460 794 poffcc.
495 734 543 779 Stet
554 732 635 779 veritas
651 733 723 791 nuda,
739 745 762 780 et
777 737 837 782 nullo
854 739 929 785 colore
950 738 1011 786 fuca-

209 811 243 856 ta,
259 795 322 845 nullis
332 795 398 843 armis
408 795 509 854 horrida,
525 794 566 842 suis
576 806 675 854 tantum,
692 810 748 858 quae
757 800 851 846 arationes
862 800 926 857 sunt,
938 802 1010 849 arturi·

208 873 245 919 ta3
261 861 334 908 minae
349 875 377 907 ne
393 858 587 921 circumstrepant,
598 857 726 907 innocentia
735 873 764 905 ne
774 860 813 908 sub
828 861 875 908 istu
889 863 944 920 stet,
961 880 1011 926 par·

207 925 266 973 tium
279 922 350 970 studia
365 923 422 970 nulla
437 922 493 981 sint,
509 923 535 970 srt
550 923 629 985 cuique
643 922 712 971 libera
731 922 823 971 facultas
849 939 897 973 earn
916 926 1011 978 adeundi

208 999 232 1037 et
249 985 429 1050 contemplandi3
443 998 530 1034 tantum
544 986 616 1035 abelie
626 986 728 1045 confid0‚
744 999 769 1033 ut
780 988 860 1035 ueritas
875 988 928 1052 quid
944 991 1011 1040 detri-

208 1050 279 1102 menti
294 1050 403 1113 patiatur,
419 1061 444 1097 ut
454 1048 517 1098 brevi
528 1048 608 1112 primas
625 1050 723 1098 obtineat
736 1048 761 1098 in
772 1051 864 1100 mundo.
886 1053 973 1102 Possem
984 1056 1011 1104 ad

206 1115 367 1179 experientiam
386 1128 521 1177 prouocare,
543 1128 598 1177 quae
618 1128 696 1161 eorum
716 1112 786 1161 fidem
812 1114 898 1179 semper
919 1118 1012 1167 creuisse

206 1178 357 1237 demonstrat,
374 1192 430 1241 quae
444 1176 550 1240 sanguine
563 1177 693 1239 Martyrum
704 1175 747 1224 suit
762 1176 863 1242 irrigata,
880 1179 896 1227 fi
911 1180 935 1230 id
951 1198 1012 1233 nunc

204 1257 304 1310 agerem,
563 1303 564 1306 Ἴ

240 1307 260 1371 §.
273 1307 344 1358 XVI.
432 1304 481 1355 Hic
500 1319 562 1355 aures
582 1302 672 1368 quidem
693 1303 781 1355 vellicat
801 1306 900 1355 tumidus
919 1309 1010 1373 saffalli-
1068 1313 1069 1316 ’

207 1373 302 1420 bllltcus
322 1369 413 1428 titulus,
439 1382 485 1431 quo
505 1371 541 1417 nel
561 1369 693 1417 universalia
712 1371 817 1428 eoncilia,
839 1371 875 1418 vel
894 1369 969 1436 Papae
984 1375 1009 1425 in

207 1433 307 1485 Ecclesia
316 1433 434 1484 Pontificio
443 1432 583 1495 superbiunt3
599 1432 636 1495 qui
645 1431 719 1480 faeere
729 1432 832 1492 uidetur,
848 1445 886 1492 ut,
897 1448 1009 1509 quotquot

206 1511 288 1550 eorum
308 1498 400 1548 decretis
422 1495 537 1558 adsurgere
561 1495 650 1553 nolunt,
671 1496 761 1543 rebelles
782 1508 805 1543 et
824 1498 948 1560 veritatrs,
961 1516 1010 1551 rrno

207 1564 268 1620 Dei,
279 1560 352 1611 hostes
366 1562 497 1618 habeantur,
514 1573 584 1623 eoque
594 1557 686 1607 nomine
693 1561 808 1620 prensandi,
824 1571 848 1606 et
858 1565 1007 1613 exterminan-

204 1625 238 1675 di.
262 1624 345 1685 Viros,
356 1624 395 1689 qui
406 1622 510 1687 opinione
519 1623 556 1670 sua
563 1621 634 1669 delusi
649 1621 671 1669 se
682 1622 792 1671 erroribus
808 1621 903 1674 intabtos
912 1639 1007 1690 piuant,

204 1689 221 1740 sr
236 1686 291 1739 fidei
306 1687 366 1751 leges
379 1686 504 1760 postrenus,
520 1700 572 1734 curn
583 1684 668 1733 ratione
682 1684 790 1745 insanire,
806 1686 906 1752 adeoque
915 1690 1006 1752 insanis<

203 1751 265 1804 firnis
277 1749 331 1809 illis,
347 1753 391 1815 qut
403 1748 426 1797 se
441 1764 509 1813 aeque
524 1764 549 1797 ac
565 1747 616 1798 alios
632 1749 659 1795 ad
673 1749 757 1812 lapsum
773 1764 869 1812 pronos,
887 1764 909 1799 et
925 1755 1004 1804 errori·
1075 1772 1076 1778 ¹

202 1819 245 1868 bus
260 1814 370 1865 obnoxios
385 1812 563 1878 profitendus
584 1811 678 1861 decretis
693 1812 736 1862 suis
760 1812 834 1872 idern,
856 1815 916 1877 quod
940 1818 1005 1867 infal-

201 1880 295 1933 libiliunr
315 1877 411 1938 distatis,
434 1877 527 1926 adtribui
546 1875 633 1937 uelint,
659 1875 703 1924 else
721 1876 864 1940 sapientiores
883 1878 955 1930 dicam
976 1899 1005 1934 an

202 1943 329 2003 astutiores,
345 1957 392 1991 non
408 1941 516 1991 diffiteor:
533 1954 627 1990 attauren
642 1940 706 1990 savel
720 1940 877 1990 infallibilitatis
888 1942 938 1991 suae
948 1945 1004 2011 dog-

203 2024 241 2056 ma
255 2008 280 2056 vi
294 2007 413 2056 obtrudere
428 2007 464 2055 vel
480 2007 537 2069 apud
554 2021 603 2065 eos,
620 2004 658 2069 qui
678 2005 734 2054 banc
753 2004 806 2067 ipsis
826 2007 1005 2069 praerogativam

203 2069 264 2118 nullo
279 2070 347 2116 ruodo
361 2070 498 2129 concedunt,
515 2084 565 2118 earn
580 2068 788 2118 aristotitatenasrbi
803 2067 891 2118 sumere
907 2082 931 2117 et
940 2087 1003 2127 erer-

202 2148 266 2187 eere„
282 2130 410 2187 instituant,
427 2145 495 2188 aeque
508 2133 583 2190 inique
598 2144 621 2178 et
636 2132 718 2194 injuste
733 2144 815 2195 agunt,
831 2148 858 2181 ac
875 2134 891 2181 st
907 2133 1006 2184 sallibiles

203 2194 273 2245 effent
288 2191 413 2241 Dossores:
430 2190 502 2255 ipsum
517 2199 590 2235 autem
604 2193 655 2233 illud
665 2195 805 2251 priuilegium
815 2196 918 2253 quamsit
929 2213 941 2241 a
951 2213 1005 2243 con·

204 2256 257 2306 ciliis
267 2265 290 2302 et
305 2249 381 2314 Papia,
398 2253 531 2311 urendisque
546 2248 683 2297 Dobloribus
700 2262 723 2296 et
742 2251 877 2311 restoribns,
894 2257 1003 2317 alienum,

202 2319 264 2385 quod
278 2333 290 2364 a
303 2312 474 2365 Protestantibus
489 2312 580 2384 egregie
594 2325 618 2383 er
631 2312 749 2385 eertillirue
762 2314 795 2361 est
810 2327 873 2386 entra
888 2317 1004 2369 dubitatio-

204 2384 239 2435 nis
258 2383 328 2431 aleam
346 2378 455 2440 politum,
476 2377 530 2441 quid
544 2377 581 2424 lne
597 2376 673 2425 drxrlse
687 2378 788 2427 adunet?
805 2378 880 2447 erd,
896 2383 953 2445 quod
964 2385 1003 2457 ipsi

230 2519 270 2582 (a)
284 2516 348 2575 Apud
362 2514 428 2564 Usar.
443 2515 534 2562 Suceels.
549 2515 630 2562 Eccles.
644 2527 690 2572 cap.
705 2512 746 2559 IX.
928 2447 1009 2498 Pomm
